3309 5309
465 700 608 746 car.
644 682 795 762 v11.]
1171 696 1680 744 POLYCRATICUS.
2252 686 2370 745 291

467 849 764 934 remiges,
793 857 1167 913 contentum
1193 846 1384 913 fuisse
1408 847 1697 915 traditur.
1778 848 2041 913 Attilius
2064 848 2377 931 Regulus,

467 971 669 1038 quum
713 950 983 1015 summis
1009 950 1199 1015 rebus
1239 949 1614 1036 proefuisset‚
1646 951 1809 1015 adeo
1851 971 2093 1036 pauper
2134 948 2275 1031 suit,
2306 961 2379 1014 ut

468 1075 556 1131 se,
604 1053 967 1140 conjugem,
1011 1052 1370 1140 liberosque
1421 1052 1722 1118 toleraret
1770 1053 1998 1138 agenn,
2045 1053 2155 1141 qui
2208 1052 2377 1118 cole—

469 1155 661 1220 batur
687 1176 806 1241 per
832 1177 1033 1219 unum
1063 1152 1368 1220 villicum.
1446 1155 1649 1241 Cujus
1677 1154 1897 1219 audita
1924 1168 2151 1234 morte,
2180 1153 2375 1240 scrip-

470 1257 552 1322 sit
599 1257 867 1322 Senatui
911 1257 993 1322 de
1039 1277 1395 1321 successore
1439 1256 1560 1321 sibi
1605 1256 1901 1332 creando,
1948 1268 2015 1321 et
2058 1255 2375 1321 destitutis

471 1360 662 1426 rebus
689 1360 872 1425 obitu
901 1359 1088 1438 servi,
1118 1359 1538 1424 necessariam
1569 1380 1705 1424 esse
1735 1359 2139 1446 praesentiam
2171 1381 2372 1424 suam.

472 1463 552 1530 C.
609 1463 826 1551 Scipio
873 1475 1016 1549 post
1062 1485 1162 1527 res
1209 1484 1506 1548 prospere
1553 1461 1621 1525 in
1672 1461 1986 1548 Hispania
2034 1473 2263 1547 gestas,
2306 1463 2374 1527 in

469 1588 724 1631 summa
779 1576 1152 1653 paupertate
1212 1564 1503 1641 decessit,
1556 1586 1638 1628 ne
1698 1586 1776 1628 ea
1834 1563 2093 1650 quidem
2155 1564 2376 1630 relicta

470 1669 764 1756 pecunia,
796 1692 945 1756 quae
989 1669 1304 1734 sufficeret
1348 1669 1412 1732 in
1460 1667 1677 1732 dotem
1723 1668 2033 1745 filiarum3
2092 1689 2250 1753 quas
2292 1668 2377 1733 ob

470 1770 752 1856 inopiam
784 1770 1040 1856 publice
1067 1769 1312 1835 dotavit
1341 1773 1631 1836 Senatus.
1728 1768 1911 1832 Idem
1950 1768 2380 1854 praestiterunt

476 1872 904 1938 Athenienses
925 1873 1072 1938 filiis
1099 1871 1396 1938 Aristidis
1435 1882 1575 1958 post
1598 1871 2129 1958 amplissimarum
2161 1892 2375 1935 rerum

474 1972 1088 2039 administrationem
1166 1975 1233 2038 in
1303 1994 1552 2037 summa
1620 1982 1995 2058 paupertate
2064 1970 2375 2036 defuncti.

479 2076 811 2141 Hannibal
860 2077 943 2141 de
995 2088 1182 2141 nocte
1234 2098 1492 2161 surgere
1542 2076 1764 2140 solitus
1823 2097 1949 2140 non
2010 2075 2380 2163 quiescebat

473 2189 621 2243 ante
673 2193 951 2258 noctem,
1005 2178 1377 2266 crepusculo
1428 2178 1693 2244 demum
1744 2179 1945 2243 socios
1993 2179 2076 2243 ad
2128 2200 2375 2242 coenam

474 2281 763 2361 vocabat,
794 2302 1005 2369 neque
1042 2282 1316 2368 amplius
1359 2302 1553 2368 quam
1583 2280 1833 2345 duobus
1876 2279 2057 2344 lectis
2100 2279 2379 2344 discum-

473 2383 748 2450 bebatur
795 2385 966 2471 apud
1015 2406 1189 2451 eum.
1299 2384 1482 2449 Idem
1537 2405 1736 2471 quum
1793 2383 1910 2448 sub
1973 2381 2379 2448 Hasdrubale

475 2485 776 2552 militaret
830 2489 1250 2574 Imperatore,
1295 2487 1678 2574 plerumque
1728 2507 1920 2570 super
1970 2484 2208 2549 nudam
2261 2485 2381 2549 hu—

472 2608 674 2669 mum,
715 2588 934 2674 sagulo
977 2601 1208 2667 tectus,
1251 2609 1505 2652 somnos
1548 2586 1861 2672 capiebat.
1951 2583 2377 2648 AEmilianum

481 2687 843 2774 Scipionem
869 2689 1141 2754 traditur
1162 2689 1227 2751 in
1251 2687 1480 2750 itinere
1504 2708 1650 2751 cum
1678 2684 1897 2749 amicis
1918 2683 2379 2760 ambulantem,

478 2802 739 2878 accepto
785 2812 949 2876 pane
980 2789 1147 2854 vesci
1192 2788 1466 2853 solitum.
1560 2787 1727 2852 Item
1774 2797 1841 2851 et
1883 2787 1965 2851 de
2013 2787 2382 2852 Alexandro

480 2892 842 2958 Macedone
873 2889 1125 2953 dicitur.
1208 2889 1533 2973 Augustus
1566 2888 1788 2955 Coesar
1815 2889 2065 2954 minimi
2088 2889 2211 2954 cibi
2244 2900 2382 2954 erat

474 3004 669 3083 atque
713 2992 1004 3075 vulgaris.
1099 2991 1261 3054 Fere
1306 2991 1750 3056 secundarium
1798 3015 2055 3079 panem,
2086 3004 2153 3057 et
2194 2991 2381 3079 pisci-

474 3099 653 3163 culos
681 3093 982 3170 minutos,
1014 3103 1081 3158 et
1109 3113 1366 3157 caseum
1400 3092 1691 3159 bibulum
1735 3116 1933 3159 manu
1976 3117 2287 3181 pressum,
2318 3105 2384 3158 et

474 3200 638 3264 ficus
688 3195 945 3273 biferas,
991 3195 1221 3260 virides
1263 3195 1562 3273 maxime,
1607 3197 1973 3284 appetebat.
2063 3196 2384 3262 Vesceba—

473 3313 705 3389 turque
763 3310 913 3365 ante
972 3321 1245 3376 coenam,
1305 3320 1690 3386 quocunque
1761 3310 2047 3386 tempore
2106 3312 2175 3364 et
2243 3300 2384 3365 loco

478 3401 840 3470 stomachus
868 3402 1303 3470 desiderasset.
1398 3403 1591 3471 Unde
1635 3403 1867 3490 ipsein
1911 3403 2188 3490 quadam
2220 3404 2383 3491 epis-

477 3504 632 3570 tolae
681 3503 824 3569 Nec
854 3504 1120 3583 Judaeus
1142 3503 1466 3592 equidem,
1490 3505 1582 3570 mi
1615 3504 1861 3582 Tiberi,
1886 3516 2019 3571 tam
2042 3505 2385 3591 diligenter

489 3606 826 3672 sabbatum
880 3619 1107 3683 servat,
1154 3629 1348 3695 quam
1409 3630 1530 3693 ego
1588 3608 1780 3672 hodie
1839 3607 2102 3691 servavi,
2145 3609 2255 3696 qui
2316 3610 2382 3674 in

478 3707 708 3773 balneo
767 3719 909 3794 post
965 3707 1186 3773 horam
1246 3709 1519 3795 primam
1578 3708 1803 3791 noctiS,
1860 3708 2021 3774 duas
2084 3708 2386 3776 buccatas

480 3808 879 3890 manducavi,
923 3810 1294 3897 priusquam
1345 3809 1499 3894 ungi
1542 3810 1912 3897 inciperem.
2006 3811 2179 3877 Iram
2226 3834 2387 3900 quo-

481 3932 605 3998 que
659 3910 959 3975 citissime
1019 3910 1408 3989 remittebat,
1461 3910 1618 3977 dum
1679 3911 2041 4000 injuriantis
2096 3914 2384 3981 animum

483 4013 726 4080 videret
762 4013 1194 4079 immutatum.
1288 4013 1377 4078 Et
1420 4013 1584 4081 sicut
1625 4015 1763 4102 ipse
1807 4017 2086 4097 dicebat,
2117 4017 2387 4082 celerius

481 4137 677 4203 quam
745 4115 1032 4202 asparagi
1090 4130 1467 4204 coquantur.
1591 4119 1738 4184 Hoc
1795 4120 1970 4184 enim
2028 4118 2224 4184 verbo
2292 4118 2387 4183 rei

474 4217 790 4283 festinatae
819 4217 1224 4284 velocitatem
1257 4219 1504 4286 solebat
1524 4221 1911 4306 exprimere.
1994 4213 2069 4284 In
2091 4239 2386 4287 sermone

477 4319 794 4408 siquidem
817 4329 883 4384 et
903 4318 1048 4398 hoc,
1070 4331 1138 4386 et
1159 4321 1457 4407 quaedam
1482 4321 1609 4386 alia
1631 4321 1934 4388 nobiliter
1953 4333 2393 4406 usurpaverat,

1393 4433 1508 4490 ⁰²
2298 4445 2871 4826 fl
