<?xml version="1.0" encoding="UTF-8"?>
<!DOCTYPE html PUBLIC "-//W3C//DTD XHTML 1.0 Transitional//EN"
    "http://www.w3.org/TR/xhtml1/DTD/xhtml1-transitional.dtd">
<html xmlns="http://www.w3.org/1999/xhtml" xml:lang="en" lang="en">
 <head>
  <title>
</title>
<meta http-equiv="Content-Type" content="text/html;charset=utf-8" />
  <meta name='ocr-system' content='tesseract 3.04.00' />
  <meta name='ocr-capabilities' content='ocr_page ocr_carea ocr_par ocr_line ocrx_word'/>
</head>
<body>
  <div class='ocr_page' id='page_1' title='image "./joannissaresber04johngoog_0129.png"; bbox 0 0 3309 5309; ppageno 0'>
   <div class='ocr_carea' id='block_1_1' title="bbox 210 646 1161 722">
    <p class='ocr_par' dir='ltr' id='par_1_1' title="bbox 210 646 1161 722">
     <span class='ocr_line' id='line_1_1' title="bbox 210 646 1161 722; baseline -0.003 -14"><span class='ocrx_word' id='word_1_1' title='bbox 210 662 279 708; x_wconf 77' lang='lat' dir='ltr'><strong>cnr.</strong></span> <span class='ocrx_word' id='word_1_2' title='bbox 295 646 383 722; x_wconf 72' lang='lat' dir='ltr'><strong>xxa]</strong></span> <span class='ocrx_word' id='word_1_3' title='bbox 555 658 810 706; x_wconf 76' lang='lat' dir='ltr'><strong>eocrcnarrcus.</strong></span> <span class='ocrx_word' id='word_1_4' title='bbox 1102 647 1161 706; x_wconf 80' lang='lat'><strong>113</strong></span> 
     </span>
    </p>
   </div>
   <div class='ocr_carea' id='block_1_2' title="bbox 190 811 1165 4435">
    <p class='ocr_par' dir='ltr' id='par_1_2' title="bbox 190 811 1165 4435">
     <span class='ocr_line' id='line_1_2' title="bbox 210 811 1160 897; baseline -0.004 -20"><span class='ocrx_word' id='word_1_5' title='bbox 210 812 395 897; x_wconf 88' lang='lat' dir='ltr'><strong>simpliciter</strong></span> <span class='ocrx_word' id='word_1_6' title='bbox 410 812 547 877; x_wconf 84' lang='lat' dir='ltr'>recidere</span> <span class='ocrx_word' id='word_1_7' title='bbox 562 813 596 876; x_wconf 93' lang='lat' dir='ltr'><strong>in</strong></span> <span class='ocrx_word' id='word_1_8' title='bbox 611 822 738 887; x_wconf 88' lang='lat' dir='ltr'><strong>terram,</strong></span> <span class='ocrx_word' id='word_1_9' title='bbox 754 823 807 875; x_wconf 87' lang='lat' dir='ltr'><strong>aut</strong></span> <span class='ocrx_word' id='word_1_10' title='bbox 827 811 904 895; x_wconf 87' lang='lat' dir='ltr'><strong>quia</strong></span> <span class='ocrx_word' id='word_1_11' title='bbox 920 813 1005 887; x_wconf 88' lang='lat' dir='ltr'><strong>novi,</strong></span> <span class='ocrx_word' id='word_1_12' title='bbox 1022 812 1160 876; x_wconf 81' lang='lat' dir='ltr'><strong>recidere</strong></span> 
     </span>
     <span class='ocr_line' id='line_1_3' title="bbox 207 910 1160 978; baseline 0.001 -1"><span class='ocrx_word' id='word_1_13' title='bbox 207 935 332 977; x_wconf 87' lang='lat' dir='ltr'><strong>necesse</strong></span> <span class='ocrx_word' id='word_1_14' title='bbox 353 925 410 977; x_wconf 88' lang='lat' dir='ltr'><strong>est.</strong></span> <span class='ocrx_word' id='word_1_15' title='bbox 463 914 572 977; x_wconf 88' lang='lat' dir='ltr'><strong>Potest</strong></span> <span class='ocrx_word' id='word_1_16' title='bbox 594 912 676 976; x_wconf 89' lang='lat' dir='ltr'><strong>enim</strong></span> <span class='ocrx_word' id='word_1_17' title='bbox 703 910 843 975; x_wconf 86' lang='lat' dir='ltr'><strong>recidere</strong></span> <span class='ocrx_word' id='word_1_18' title='bbox 865 924 897 975; x_wconf 91' lang='lat' dir='ltr'><strong>et</strong></span> <span class='ocrx_word' id='word_1_19' title='bbox 922 935 983 974; x_wconf 92' lang='lat' dir='ltr'><strong>non</strong></span> <span class='ocrx_word' id='word_1_20' title='bbox 1012 912 1160 978; x_wconf 81' lang='lat' dir='ltr'><strong>recidere.</strong></span> 
     </span>
     <span class='ocr_line' id='line_1_4' title="bbox 207 1012 1160 1092; baseline 0 -13"><span class='ocrx_word' id='word_1_21' title='bbox 207 1018 353 1079; x_wconf 87' lang='lat' dir='ltr'><strong>Alterum</strong></span> <span class='ocrx_word' id='word_1_22' title='bbox 370 1029 486 1089; x_wconf 86' lang='lat' dir='ltr'><strong>tamen,</strong></span> <span class='ocrx_word' id='word_1_23' title='bbox 501 1013 559 1078; x_wconf 92' lang='lat' dir='ltr'><strong>etsi</strong></span> <span class='ocrx_word' id='word_1_24' title='bbox 576 1036 639 1077; x_wconf 94' lang='lat' dir='ltr'><strong>non</strong></span> <span class='ocrx_word' id='word_1_25' title='bbox 653 1012 839 1092; x_wconf 88' lang='lat' dir='ltr'><strong>necessario,</strong></span> <span class='ocrx_word' id='word_1_26' title='bbox 855 1036 964 1076; x_wconf 90' lang='lat' dir='ltr'><strong>verum</strong></span> <span class='ocrx_word' id='word_1_27' title='bbox 982 1027 1087 1079; x_wconf 87' lang='lat' dir='ltr'><strong>tamen</strong></span> <span class='ocrx_word' id='word_1_28' title='bbox 1102 1027 1160 1079; x_wconf 89' lang='lat' dir='ltr'><strong>est.</strong></span> 
     </span>
     <span class='ocr_line' id='line_1_5' title="bbox 209 1112 1160 1199; baseline 0 -22"><span class='ocrx_word' id='word_1_29' title='bbox 209 1112 299 1177; x_wconf 94' lang='lat' dir='ltr'><strong>Illud</strong></span> <span class='ocrx_word' id='word_1_30' title='bbox 314 1114 426 1199; x_wconf 92' lang='lat' dir='ltr'><strong>utique</strong></span> <span class='ocrx_word' id='word_1_31' title='bbox 440 1113 528 1198; x_wconf 92' lang='lat' dir='ltr'><strong>quod</strong></span> <span class='ocrx_word' id='word_1_32' title='bbox 541 1113 604 1176; x_wconf 91' lang='lat' dir='ltr'><strong>scio</strong></span> <span class='ocrx_word' id='word_1_33' title='bbox 615 1114 779 1178; x_wconf 88' lang='lat' dir='ltr'><strong>futurum:</strong></span> <span class='ocrx_word' id='word_1_34' title='bbox 805 1114 925 1177; x_wconf 89' lang='lat' dir='ltr'><strong>sienim</strong></span> <span class='ocrx_word' id='word_1_35' title='bbox 939 1114 1081 1178; x_wconf 88' lang='lat' dir='ltr'><strong>futurum</strong></span> <span class='ocrx_word' id='word_1_36' title='bbox 1097 1138 1160 1178; x_wconf 92' lang='lat' dir='ltr'><strong>non</strong></span> 
     </span>
     <span class='ocr_line' id='line_1_6' title="bbox 205 1216 1160 1303; baseline -0.001 -22"><span class='ocrx_word' id='word_1_37' title='bbox 205 1231 265 1297; x_wconf 89' lang='lat' dir='ltr'><strong>est,</strong></span> <span class='ocrx_word' id='word_1_38' title='bbox 276 1217 334 1282; x_wconf 90' lang='lat' dir='ltr'><strong>etsi</strong></span> <span class='ocrx_word' id='word_1_39' title='bbox 351 1218 418 1281; x_wconf 86' lang='lat' dir='ltr'><strong>fore</strong></span> <span class='ocrx_word' id='word_1_40' title='bbox 434 1230 575 1303; x_wconf 88' lang='lat' dir='ltr'><strong>putetur,</strong></span> <span class='ocrx_word' id='word_1_41' title='bbox 587 1239 648 1280; x_wconf 94' lang='lat' dir='ltr'><strong>non</strong></span> <span class='ocrx_word' id='word_1_42' title='bbox 665 1216 763 1281; x_wconf 88' lang='lat' dir='ltr'><strong>scitur</strong></span> <span class='ocrx_word' id='word_1_43' title='bbox 779 1229 896 1294; x_wconf 88' lang='lat' dir='ltr'><strong>tamen,</strong></span> <span class='ocrx_word' id='word_1_44' title='bbox 908 1217 1057 1303; x_wconf 90' lang='lat' dir='ltr'><strong>quoniam</strong></span> <span class='ocrx_word' id='word_1_45' title='bbox 1073 1217 1160 1280; x_wconf 91' lang='lat' dir='ltr'><strong>illius</strong></span> 
     </span>
     <span class='ocr_line' id='line_1_7' title="bbox 207 1318 1159 1405; baseline -0.002 -21"><span class='ocrx_word' id='word_1_46' title='bbox 207 1318 295 1403; x_wconf 91' lang='lat' dir='ltr'><strong>quod</strong></span> <span class='ocrx_word' id='word_1_47' title='bbox 312 1342 374 1382; x_wconf 90' lang='lat' dir='ltr'><strong>non</strong></span> <span class='ocrx_word' id='word_1_48' title='bbox 391 1332 449 1399; x_wconf 85' lang='lat' dir='ltr'><strong>est,</strong></span> <span class='ocrx_word' id='word_1_49' title='bbox 464 1341 525 1382; x_wconf 92' lang='lat' dir='ltr'><strong>non</strong></span> <span class='ocrx_word' id='word_1_50' title='bbox 542 1319 682 1394; x_wconf 85' lang='lat' dir='ltr'><strong>scientia,</strong></span> <span class='ocrx_word' id='word_1_51' title='bbox 698 1320 752 1383; x_wconf 89' lang='lat' dir='ltr'><strong>sed</strong></span> <span class='ocrx_word' id='word_1_52' title='bbox 770 1320 879 1405; x_wconf 91' lang='lat' dir='ltr'><strong>opinio</strong></span> <span class='ocrx_word' id='word_1_53' title='bbox 894 1332 951 1384; x_wconf 89' lang='lat' dir='ltr'><strong>est.</strong></span> <span class='ocrx_word' id='word_1_54' title='bbox 998 1321 1159 1384; x_wconf 84' lang='lat' dir='ltr'><strong>Coeterum</strong></span> 
     </span>
     <span class='ocr_line' id='line_1_8' title="bbox 205 1420 1159 1507; baseline 0.002 -23"><span class='ocrx_word' id='word_1_55' title='bbox 205 1423 267 1484; x_wconf 87' lang='lat' dir='ltr'><strong>etsi</strong></span> <span class='ocrx_word' id='word_1_56' title='bbox 282 1442 345 1483; x_wconf 95' lang='lat' dir='ltr'><strong>non</strong></span> <span class='ocrx_word' id='word_1_57' title='bbox 360 1443 428 1484; x_wconf 87' lang='lat' dir='ltr'><strong>esse</strong></span> <span class='ocrx_word' id='word_1_58' title='bbox 442 1421 554 1505; x_wconf 88' lang='lat' dir='ltr'>possit,</span> <span class='ocrx_word' id='word_1_59' title='bbox 568 1420 647 1483; x_wconf 88' lang='lat' dir='ltr'><strong>nilril</strong></span> <span class='ocrx_word' id='word_1_60' title='bbox 663 1420 797 1506; x_wconf 88' lang='lat' dir='ltr'><strong>impedit</strong></span> <span class='ocrx_word' id='word_1_61' title='bbox 812 1444 878 1484; x_wconf 90' lang='lat' dir='ltr'><strong>esse</strong></span> <span class='ocrx_word' id='word_1_62' title='bbox 895 1420 1068 1498; x_wconf 88' lang='lat' dir='ltr'><strong>scientiam,</strong></span> <span class='ocrx_word' id='word_1_63' title='bbox 1086 1445 1159 1507; x_wconf 86' lang='lat' dir='ltr'><strong>quae</strong></span> 
     </span>
     <span class='ocr_line' id='line_1_9' title="bbox 206 1520 1161 1607; baseline 0.001 -22"><span class='ocrx_word' id='word_1_64' title='bbox 206 1544 271 1585; x_wconf 94' lang='lat' dir='ltr'><strong>non</strong></span> <span class='ocrx_word' id='word_1_65' title='bbox 286 1521 529 1587; x_wconf 85' lang='lat' dir='ltr'><strong>necessariorum</strong></span> <span class='ocrx_word' id='word_1_66' title='bbox 554 1535 689 1602; x_wconf 86' lang='lat' dir='ltr'><strong>tantum,</strong></span> <span class='ocrx_word' id='word_1_67' title='bbox 705 1520 760 1586; x_wconf 90' lang='lat' dir='ltr'><strong>sed</strong></span> <span class='ocrx_word' id='word_1_68' title='bbox 783 1523 1002 1607; x_wconf 85' lang='lat' dir='ltr'><strong>quorumlibet</strong></span> <span class='ocrx_word' id='word_1_69' title='bbox 1024 1524 1161 1587; x_wconf 84' lang='lat' dir='ltr'><strong>existen·</strong></span> 
     </span>
     <span class='ocr_line' id='line_1_10' title="bbox 206 1622 1162 1699; baseline 0 -11"><span class='ocrx_word' id='word_1_70' title='bbox 206 1623 289 1688; x_wconf 86' lang='lat' dir='ltr'><strong>tium</strong></span> <span class='ocrx_word' id='word_1_71' title='bbox 305 1636 365 1699; x_wconf 84' lang='lat' dir='ltr'><strong>est,</strong></span> <span class='ocrx_word' id='word_1_72' title='bbox 376 1622 436 1687; x_wconf 83' lang='lat' dir='ltr'><strong>nisi</strong></span> <span class='ocrx_word' id='word_1_73' title='bbox 450 1623 533 1687; x_wconf 87' lang='lat' dir='ltr'><strong>forte</strong></span> <span class='ocrx_word' id='word_1_74' title='bbox 544 1637 577 1688; x_wconf 91' lang='lat' dir='ltr'><strong>et</strong></span> <span class='ocrx_word' id='word_1_75' title='bbox 593 1636 627 1688; x_wconf 88' lang='lat' dir='ltr'><strong>tu</strong></span> <span class='ocrx_word' id='word_1_76' title='bbox 643 1645 715 1688; x_wconf 85' lang='lat' dir='ltr'><strong>curn</strong></span> <span class='ocrx_word' id='word_1_77' title='bbox 734 1624 847 1688; x_wconf 84' lang='lat' dir='ltr'>Stoicis</span> <span class='ocrx_word' id='word_1_78' title='bbox 858 1624 1026 1688; x_wconf 81' lang='lat' dir='ltr'><strong>existentia</strong></span> <span class='ocrx_word' id='word_1_79' title='bbox 1036 1646 1162 1688; x_wconf 85' lang='lat' dir='ltr'><strong>censeas</strong></span> 
     </span>
     <span class='ocr_line' id='line_1_11' title="bbox 207 1722 1161 1809; baseline -0.003 -19"><span class='ocrx_word' id='word_1_80' title='bbox 207 1722 390 1791; x_wconf 88' lang='lat' dir='ltr'><strong>necessariis</strong></span> <span class='ocrx_word' id='word_1_81' title='bbox 414 1722 636 1808; x_wconf 88' lang='lat' dir='ltr'><strong>comparanda.</strong></span> <span class='ocrx_word' id='word_1_82' title='bbox 683 1722 735 1786; x_wconf 89' lang='lat' dir='ltr'><strong>Sic</strong></span> <span class='ocrx_word' id='word_1_83' title='bbox 760 1735 792 1787; x_wconf 91' lang='lat' dir='ltr'><strong>et</strong></span> <span class='ocrx_word' id='word_1_84' title='bbox 818 1747 891 1809; x_wconf 87' lang='lat' dir='ltr'><strong>quae</strong></span> <span class='ocrx_word' id='word_1_85' title='bbox 915 1723 968 1787; x_wconf 89' lang='lat' dir='ltr'><strong>ille</strong></span> <span class='ocrx_word' id='word_1_86' title='bbox 994 1723 1161 1809; x_wconf 64' lang='lat' dir='ltr'><strong>praenovit,</strong></span> 
     </span>
     <span class='ocr_line' id='line_1_12' title="bbox 207 1823 1161 1910; baseline -0.001 -22"><span class='ocrx_word' id='word_1_87' title='bbox 207 1825 316 1888; x_wconf 89' lang='lat' dir='ltr'><strong>omnia</strong></span> <span class='ocrx_word' id='word_1_88' title='bbox 329 1823 540 1910; x_wconf 89' lang='lat' dir='ltr'><strong>proculdubio</strong></span> <span class='ocrx_word' id='word_1_89' title='bbox 552 1823 780 1910; x_wconf 83' lang='lat' dir='ltr'><strong>implebuntur.</strong></span> <span class='ocrx_word' id='word_1_90' title='bbox 818 1824 1045 1909; x_wconf 81' lang='lat' dir='ltr'><strong>Contingentia</strong></span> <span class='ocrx_word' id='word_1_91' title='bbox 1057 1837 1161 1888; x_wconf 89' lang='lat' dir='ltr'><strong>tamen</strong></span> 
     </span>
     <span class='ocr_line' id='line_1_13' title="bbox 208 1924 1160 2010; baseline 0 -21"><span class='ocrx_word' id='word_1_92' title='bbox 208 1925 315 1989; x_wconf 87' lang='lat' dir='ltr'><strong>omnia</strong></span> <span class='ocrx_word' id='word_1_93' title='bbox 330 1938 362 1989; x_wconf 90' lang='lat' dir='ltr'><strong>et</strong></span> <span class='ocrx_word' id='word_1_94' title='bbox 376 1948 440 1988; x_wconf 92' lang='lat' dir='ltr'><strong>non</strong></span> <span class='ocrx_word' id='word_1_95' title='bbox 454 1924 579 1989; x_wconf 88' lang='lat' dir='ltr'><strong>evenire</strong></span> <span class='ocrx_word' id='word_1_96' title='bbox 594 1924 745 2010; x_wconf 87' lang='lat' dir='ltr'><strong>possibile</strong></span> <span class='ocrx_word' id='word_1_97' title='bbox 759 1939 816 1990; x_wconf 90' lang='lat' dir='ltr'><strong>est.</strong></span> <span class='ocrx_word' id='word_1_98' title='bbox 862 1926 956 1989; x_wconf 89' lang='lat' dir='ltr'><strong>Adeo</strong></span> <span class='ocrx_word' id='word_1_99' title='bbox 979 1925 1109 2009; x_wconf 90' lang='lat' dir='ltr'><strong>quidem</strong></span> <span class='ocrx_word' id='word_1_100' title='bbox 1126 1939 1160 1989; x_wconf 93' lang='lat' dir='ltr'><strong>ut</strong></span> 
     </span>
     <span class='ocr_line' id='line_1_14' title="bbox 209 2028 1162 2115; baseline 0.001 -23"><span class='ocrx_word' id='word_1_101' title='bbox 209 2028 251 2092; x_wconf 84' lang='lat' dir='ltr'><strong>ad</strong></span> <span class='ocrx_word' id='word_1_102' title='bbox 266 2029 473 2093; x_wconf 88' lang='lat' dir='ltr'><strong>eveniendum</strong></span> <span class='ocrx_word' id='word_1_103' title='bbox 489 2051 549 2108; x_wconf 88' lang='lat' dir='ltr'><strong>res,</strong></span> <span class='ocrx_word' id='word_1_104' title='bbox 561 2051 641 2113; x_wconf 86' lang='lat' dir='ltr'><strong>quas</strong></span> <span class='ocrx_word' id='word_1_105' title='bbox 656 2051 730 2092; x_wconf 90' lang='lat' dir='ltr'><strong>cum</strong></span> <span class='ocrx_word' id='word_1_106' title='bbox 745 2052 783 2091; x_wconf 91' lang='lat' dir='ltr'><strong>eo</strong></span> <span class='ocrx_word' id='word_1_107' title='bbox 797 2028 925 2093; x_wconf 86' lang='lat' dir='ltr'><strong>futuras</strong></span> <span class='ocrx_word' id='word_1_108' title='bbox 937 2031 1162 2115; x_wconf 80' lang='lat' dir='ltr'><strong>praenovimus,</strong></span> 
     </span>
     <span class='ocr_line' id='line_1_15' title="bbox 209 2129 1160 2218; baseline 0.001 -23"><span class='ocrx_word' id='word_1_109' title='bbox 209 2153 273 2196; x_wconf 91' lang='lat' dir='ltr'><strong>non</strong></span> <span class='ocrx_word' id='word_1_110' title='bbox 289 2129 390 2215; x_wconf 84' lang='lat' dir='ltr'><strong>magis</strong></span> <span class='ocrx_word' id='word_1_111' title='bbox 404 2129 514 2214; x_wconf 79' lang='lat' dir='ltr'><strong>ipsine,</strong></span> <span class='ocrx_word' id='word_1_112' title='bbox 530 2152 626 2218; x_wconf 88' lang='lat' dir='ltr'><strong>quam</strong></span> <span class='ocrx_word' id='word_1_113' title='bbox 650 2144 758 2195; x_wconf 90' lang='lat' dir='ltr'><strong>noster</strong></span> <span class='ocrx_word' id='word_1_114' title='bbox 773 2131 861 2195; x_wconf 87' lang='lat' dir='ltr'><strong>visus</strong></span> <span class='ocrx_word' id='word_1_115' title='bbox 883 2132 1071 2216; x_wconf 87' lang='lat' dir='ltr'><strong>abstringat,</strong></span> <span class='ocrx_word' id='word_1_116' title='bbox 1088 2131 1160 2196; x_wconf 88' lang='lat' dir='ltr'><strong>licet</strong></span> 
     </span>
     <span class='ocr_line' id='line_1_16' title="bbox 210 2230 1162 2318; baseline 0 -22"><span class='ocrx_word' id='word_1_117' title='bbox 210 2232 251 2296; x_wconf 87' lang='lat' dir='ltr'><strong>ab</strong></span> <span class='ocrx_word' id='word_1_118' title='bbox 270 2232 358 2296; x_wconf 90' lang='lat' dir='ltr'><strong>illius</strong></span> <span class='ocrx_word' id='word_1_119' title='bbox 380 2230 583 2318; x_wconf 90' lang='lat' dir='ltr'><strong>dispositione</strong></span> <span class='ocrx_word' id='word_1_120' title='bbox 606 2233 797 2298; x_wconf 89' lang='lat' dir='ltr'><strong>subsistendi</strong></span> <span class='ocrx_word' id='word_1_121' title='bbox 812 2235 947 2299; x_wconf 87' lang='lat' dir='ltr'><strong>formam</strong></span> <span class='ocrx_word' id='word_1_122' title='bbox 970 2234 1075 2297; x_wconf 87' lang='lat' dir='ltr'><strong>omnia</strong></span> <span class='ocrx_word' id='word_1_123' title='bbox 1097 2257 1162 2297; x_wconf 92' lang='lat' dir='ltr'><strong>sor-</strong></span> 
     </span>
     <span class='ocr_line' id='line_1_17' title="bbox 211 2331 1161 2420; baseline 0.001 -22"><span class='ocrx_word' id='word_1_124' title='bbox 211 2335 343 2414; x_wconf 81' lang='lat' dir='ltr'><strong>tiantur,</strong></span> <span class='ocrx_word' id='word_1_125' title='bbox 355 2347 514 2420; x_wconf 90' lang='lat' dir='ltr'><strong>quatenus</strong></span> <span class='ocrx_word' id='word_1_126' title='bbox 528 2334 612 2398; x_wconf 87' lang='lat' dir='ltr'><strong>bona</strong></span> <span class='ocrx_word' id='word_1_127' title='bbox 627 2348 712 2399; x_wconf 91' lang='lat' dir='ltr'><strong>sunt.</strong></span> <span class='ocrx_word' id='word_1_128' title='bbox 751 2331 844 2400; x_wconf 89' lang='lat' dir='ltr'><strong>Alias</strong></span> <span class='ocrx_word' id='word_1_129' title='bbox 858 2347 963 2401; x_wconf 86' lang='lat' dir='ltr'><strong>autem</strong></span> <span class='ocrx_word' id='word_1_130' title='bbox 978 2358 1039 2399; x_wconf 95' lang='lat' dir='ltr'><strong>non</strong></span> <span class='ocrx_word' id='word_1_131' title='bbox 1051 2336 1161 2400; x_wconf 83' lang='lat' dir='ltr'><strong>formoe</strong></span> 
     </span>
     <span class='ocr_line' id='line_1_18' title="bbox 211 2435 1162 2521; baseline 0.002 -21"><span class='ocrx_word' id='word_1_132' title='bbox 211 2435 368 2500; x_wconf 83' lang='lat' dir='ltr'><strong>existendi</strong></span> <span class='ocrx_word' id='word_1_133' title='bbox 383 2436 550 2521; x_wconf 85' lang='lat' dir='ltr'><strong>imaginem</strong></span> <span class='ocrx_word' id='word_1_134' title='bbox 565 2450 691 2518; x_wconf 86' lang='lat' dir='ltr'><strong>gerunt,</strong></span> <span class='ocrx_word' id='word_1_135' title='bbox 708 2436 763 2500; x_wconf 86' lang='lat' dir='ltr'><strong>sed</strong></span> <span class='ocrx_word' id='word_1_136' title='bbox 778 2437 940 2502; x_wconf 87' lang='lat' dir='ltr'><strong>defectum</strong></span> <span class='ocrx_word' id='word_1_137' title='bbox 962 2438 1058 2517; x_wconf 91' lang='lat' dir='ltr'><strong>illius,</strong></span> <span class='ocrx_word' id='word_1_138' title='bbox 1072 2461 1162 2502; x_wconf 84' lang='lat' dir='ltr'><strong>enor-</strong></span> 
     </span>
     <span class='ocr_line' id='line_1_19' title="bbox 211 2537 1162 2623; baseline 0.002 -24"><span class='ocrx_word' id='word_1_139' title='bbox 211 2537 331 2602; x_wconf 81' lang='lat' dir='ltr'><strong>mitatis</strong></span> <span class='ocrx_word' id='word_1_140' title='bbox 360 2561 426 2603; x_wconf 84' lang='lat' dir='ltr'><strong>suae</strong></span> <span class='ocrx_word' id='word_1_141' title='bbox 455 2540 535 2602; x_wconf 88' lang='lat' dir='ltr'><strong>vitio</strong></span> <span class='ocrx_word' id='word_1_142' title='bbox 566 2550 793 2623; x_wconf 85' lang='lat' dir='ltr'><strong>protestantur.</strong></span> <span class='ocrx_word' id='word_1_143' title='bbox 854 2540 1058 2603; x_wconf 83' lang='lat' dir='ltr'><strong>Praescientia</strong></span> <span class='ocrx_word' id='word_1_144' title='bbox 1086 2561 1162 2622; x_wconf 85' lang='lat' dir='ltr'><strong>ergo</strong></span> 
     </span>
     <span class='ocr_line' id='line_1_20' title="bbox 211 2639 1162 2718; baseline 0.002 -16"><span class='ocrx_word' id='word_1_145' title='bbox 211 2639 307 2704; x_wconf 89' lang='lat' dir='ltr'><strong>rebus</strong></span> <span class='ocrx_word' id='word_1_146' title='bbox 320 2663 417 2705; x_wconf 86' lang='lat' dir='ltr'><strong>causa</strong></span> <span class='ocrx_word' id='word_1_147' title='bbox 439 2640 604 2704; x_wconf 89' lang='lat' dir='ltr'><strong>eveniendi</strong></span> <span class='ocrx_word' id='word_1_148' title='bbox 620 2662 682 2702; x_wconf 92' lang='lat' dir='ltr'><strong>non</strong></span> <span class='ocrx_word' id='word_1_149' title='bbox 702 2652 761 2718; x_wconf 90' lang='lat' dir='ltr'><strong>est,</strong></span> <span class='ocrx_word' id='word_1_150' title='bbox 774 2651 831 2703; x_wconf 85' lang='lat' dir='ltr'><strong>aut</strong></span> <span class='ocrx_word' id='word_1_151' title='bbox 847 2652 980 2704; x_wconf 86' lang='lat' dir='ltr'><strong>eventus</strong></span> <span class='ocrx_word' id='word_1_152' title='bbox 1003 2662 1109 2703; x_wconf 89' lang='lat' dir='ltr'><strong>rerum</strong></span> <span class='ocrx_word' id='word_1_153' title='bbox 1133 2641 1162 2704; x_wconf 87' lang='lat' dir='ltr'><strong>ei</strong></span> 
     </span>
     <span class='ocr_line' id='line_1_21' title="bbox 210 2741 1163 2828; baseline 0 -25"><span class='ocrx_word' id='word_1_154' title='bbox 210 2763 305 2806; x_wconf 87' lang='lat' dir='ltr'><strong>causa</strong></span> <span class='ocrx_word' id='word_1_155' title='bbox 332 2756 381 2807; x_wconf 89' lang='lat' dir='ltr'><strong>est</strong></span> <span class='ocrx_word' id='word_1_156' title='bbox 413 2741 610 2828; x_wconf 87' lang='lat' dir='ltr'><strong>praesciendi,</strong></span> <span class='ocrx_word' id='word_1_157' title='bbox 641 2764 681 2804; x_wconf 93' lang='lat' dir='ltr'><strong>ne</strong></span> <span class='ocrx_word' id='word_1_158' title='bbox 711 2755 768 2806; x_wconf 87' lang='lat' dir='ltr'><strong>aut</strong></span> <span class='ocrx_word' id='word_1_159' title='bbox 801 2741 1023 2827; x_wconf 84' lang='lat' dir='ltr'><strong>temporalium</strong></span> <span class='ocrx_word' id='word_1_160' title='bbox 1057 2754 1163 2805; x_wconf 89' lang='lat' dir='ltr'><strong>motus</strong></span> 
     </span>
     <span class='ocr_line' id='line_1_22' title="bbox 210 2841 1162 2929; baseline -0.001 -24"><span class='ocrx_word' id='word_1_161' title='bbox 210 2854 337 2906; x_wconf 81' lang='lat' dir='ltr'><strong>aeternae</strong></span> <span class='ocrx_word' id='word_1_162' title='bbox 359 2842 569 2929; x_wconf 80' lang='lat' dir='ltr'><strong>providentiae</strong></span> <span class='ocrx_word' id='word_1_163' title='bbox 584 2865 680 2905; x_wconf 87' lang='lat' dir='ltr'><strong>causa</strong></span> <span class='ocrx_word' id='word_1_164' title='bbox 694 2843 746 2917; x_wconf 90' lang='lat' dir='ltr'><strong>sit,</strong></span> <span class='ocrx_word' id='word_1_165' title='bbox 762 2855 819 2906; x_wconf 88' lang='lat' dir='ltr'><strong>aut</strong></span> <span class='ocrx_word' id='word_1_166' title='bbox 842 2866 861 2906; x_wconf 89' lang='lat' dir='ltr'><strong>a</strong></span> <span class='ocrx_word' id='word_1_167' title='bbox 883 2841 1053 2929; x_wconf 88' lang='lat' dir='ltr'><strong>purissimo</strong></span> <span class='ocrx_word' id='word_1_168' title='bbox 1074 2842 1162 2905; x_wconf 82' lang='lat' dir='ltr'><strong>fonte</strong></span> 
     </span>
     <span class='ocr_line' id='line_1_23' title="bbox 209 2942 1165 3028; baseline -0.004 -19"><span class='ocrx_word' id='word_1_169' title='bbox 209 2943 363 3010; x_wconf 89' lang='lat' dir='ltr'><strong>bonitatis</strong></span> <span class='ocrx_word' id='word_1_170' title='bbox 379 2947 533 3007; x_wconf 91' lang='lat' dir='ltr'><strong>malorum</strong></span> <span class='ocrx_word' id='word_1_171' title='bbox 548 2942 707 3028; x_wconf 87' lang='lat' dir='ltr'><strong>profluant</strong></span> <span class='ocrx_word' id='word_1_172' title='bbox 723 2945 828 3008; x_wconf 87' lang='lat' dir='ltr'><strong>rivuli.</strong></span> <span class='ocrx_word' id='word_1_173' title='bbox 871 2948 962 3008; x_wconf 90' lang='lat' dir='ltr'><strong>Deus</strong></span> <span class='ocrx_word' id='word_1_174' title='bbox 977 2966 1052 3006; x_wconf 87' lang='lat' dir='ltr'><strong>vero</strong></span> <span class='ocrx_word' id='word_1_175' title='bbox 1068 2943 1165 3006; x_wconf 90' lang='lat' dir='ltr'><strong>bono-</strong></span> 
     </span>
     <span class='ocr_line' id='line_1_24' title="bbox 210 3043 1164 3129; baseline -0.002 -20"><span class='ocrx_word' id='word_1_176' title='bbox 210 3068 283 3110; x_wconf 93' lang='lat' dir='ltr'><strong>rum</strong></span> <span class='ocrx_word' id='word_1_177' title='bbox 314 3045 473 3108; x_wconf 81' lang='lat' dir='ltr'><strong>duntaxat</strong></span> <span class='ocrx_word' id='word_1_178' title='bbox 503 3065 615 3107; x_wconf 84' lang='lat' dir='ltr'><strong>auctor</strong></span> <span class='ocrx_word' id='word_1_179' title='bbox 644 3057 701 3107; x_wconf 84' lang='lat' dir='ltr'><strong>est.</strong></span> <span class='ocrx_word' id='word_1_180' title='bbox 757 3045 851 3122; x_wconf 85' lang='lat' dir='ltr'><strong>Quod</strong></span> <span class='ocrx_word' id='word_1_181' title='bbox 884 3067 960 3107; x_wconf 89' lang='lat' dir='ltr'><strong>vero</strong></span> <span class='ocrx_word' id='word_1_182' title='bbox 988 3043 1021 3107; x_wconf 94' lang='lat' dir='ltr'><strong>in</strong></span> <span class='ocrx_word' id='word_1_183' title='bbox 1051 3043 1164 3129; x_wconf 88' lang='lat' dir='ltr'><strong>topicis</strong></span> 
     </span>
     <span class='ocr_line' id='line_1_25' title="bbox 209 3143 1165 3232; baseline -0.003 -21"><span class='ocrx_word' id='word_1_184' title='bbox 209 3147 310 3232; x_wconf 88' lang='lat' dir='ltr'><strong>vulgo</strong></span> <span class='ocrx_word' id='word_1_185' title='bbox 336 3143 499 3228; x_wconf 84' lang='lat' dir='ltr'><strong>objicitur,</strong></span> <span class='ocrx_word' id='word_1_186' title='bbox 524 3145 601 3228; x_wconf 89' lang='lat' dir='ltr'><strong>quia</strong></span> <span class='ocrx_word' id='word_1_187' title='bbox 630 3144 814 3226; x_wconf 87' lang='lat' dir='ltr'><strong>necessario,</strong></span> <span class='ocrx_word' id='word_1_188' title='bbox 841 3145 867 3207; x_wconf 91' lang='lat' dir='ltr'><strong>si</strong></span> <span class='ocrx_word' id='word_1_189' title='bbox 892 3143 971 3230; x_wconf 90' lang='lat' dir='ltr'><strong>qnid</strong></span> <span class='ocrx_word' id='word_1_190' title='bbox 999 3144 1165 3230; x_wconf 86' lang='lat' dir='ltr'><strong>praescitur</strong></span> 
     </span>
     <span class='ocr_line' id='line_1_26' title="bbox 190 3244 1165 3325; baseline -0.003 -13"><span class='ocrx_word' id='word_1_191' title='bbox 190 3274 194 3283; x_wconf 92' lang='lat'><em>·</em></span> <span class='ocrx_word' id='word_1_192' title='bbox 210 3247 347 3323; x_wconf 86' lang='lat' dir='ltr'><strong>eveniet,</strong></span> <span class='ocrx_word' id='word_1_193' title='bbox 360 3245 448 3309; x_wconf 92' lang='lat' dir='ltr'><strong>nullo</strong></span> <span class='ocrx_word' id='word_1_194' title='bbox 463 3244 606 3308; x_wconf 86' lang='lat' dir='ltr'><strong>veritatis</strong></span> <span class='ocrx_word' id='word_1_195' title='bbox 622 3245 734 3308; x_wconf 90' lang='lat' dir='ltr'><strong>robore</strong></span> <span class='ocrx_word' id='word_1_196' title='bbox 750 3244 922 3309; x_wconf 86' lang='lat' dir='ltr'><strong>subnixum</strong></span> <span class='ocrx_word' id='word_1_197' title='bbox 937 3260 995 3325; x_wconf 87' lang='lat' dir='ltr'><strong>est,</strong></span> <span class='ocrx_word' id='word_1_198' title='bbox 1007 3244 1066 3308; x_wconf 90' lang='lat' dir='ltr'><strong>nisi</strong></span> <span class='ocrx_word' id='word_1_199' title='bbox 1082 3245 1165 3309; x_wconf 86' lang='lat' dir='ltr'><strong>forte</strong></span> 
     </span>
     <span class='ocr_line' id='line_1_27' title="bbox 210 3345 1163 3423; baseline -0.004 -9"><span class='ocrx_word' id='word_1_200' title='bbox 210 3349 307 3415; x_wconf 90' lang='lat' dir='ltr'><strong>rebus</strong></span> <span class='ocrx_word' id='word_1_201' title='bbox 335 3349 377 3411; x_wconf 84' lang='lat' dir='ltr'><strong>ab</strong></span> <span class='ocrx_word' id='word_1_202' title='bbox 407 3348 492 3411; x_wconf 92' lang='lat' dir='ltr'><strong>omni</strong></span> <span class='ocrx_word' id='word_1_203' title='bbox 518 3347 703 3411; x_wconf 84' lang='lat' dir='ltr'><strong>necessitate</strong></span> <span class='ocrx_word' id='word_1_204' title='bbox 729 3345 895 3423; x_wconf 86' lang='lat' dir='ltr'><strong>absolutis,</strong></span> <span class='ocrx_word' id='word_1_205' title='bbox 922 3347 1052 3410; x_wconf 89' lang='lat' dir='ltr'><strong>modum</strong></span> <span class='ocrx_word' id='word_1_206' title='bbox 1078 3370 1163 3410; x_wconf 88' lang='lat' dir='ltr'><strong>corn·</strong></span> 
     </span>
     <span class='ocr_line' id='line_1_28' title="bbox 210 3448 1164 3537; baseline 0 -23"><span class='ocrx_word' id='word_1_207' title='bbox 210 3449 352 3537; x_wconf 86' lang='lat' dir='ltr'><strong>plexioni</strong></span> <span class='ocrx_word' id='word_1_208' title='bbox 381 3450 455 3535; x_wconf 91' lang='lat' dir='ltr'><strong>quis</strong></span> <span class='ocrx_word' id='word_1_209' title='bbox 482 3448 614 3523; x_wconf 88' lang='lat' dir='ltr'><strong>tribuat,</strong></span> <span class='ocrx_word' id='word_1_210' title='bbox 639 3460 675 3511; x_wconf 88' lang='lat' dir='ltr'><strong>ut</strong></span> <span class='ocrx_word' id='word_1_211' title='bbox 705 3448 814 3533; x_wconf 87' lang='lat' dir='ltr'><strong>potius</strong></span> <span class='ocrx_word' id='word_1_212' title='bbox 843 3448 1027 3514; x_wconf 86' lang='lat' dir='ltr'><strong>necessitate</strong></span> <span class='ocrx_word' id='word_1_213' title='bbox 1057 3473 1164 3515; x_wconf 88' lang='lat' dir='ltr'><strong>conse-</strong></span> 
     </span>
     <span class='ocr_line' id='line_1_29' title="bbox 211 3550 1164 3638; baseline 0.001 -22"><span class='ocrx_word' id='word_1_214' title='bbox 211 3550 342 3638; x_wconf 83' lang='lat' dir='ltr'><strong>quendi,</strong></span> <span class='ocrx_word' id='word_1_215' title='bbox 365 3574 459 3637; x_wconf 90' lang='lat' dir='ltr'><strong>quam</strong></span> <span class='ocrx_word' id='word_1_216' title='bbox 482 3550 706 3634; x_wconf 88' lang='lat' dir='ltr'><strong>consequentis</strong></span> <span class='ocrx_word' id='word_1_217' title='bbox 735 3551 908 3636; x_wconf 76' lang='lat' dir='ltr'><strong>propositae</strong></span> <span class='ocrx_word' id='word_1_218' title='bbox 938 3552 1164 3617; x_wconf 89' lang='lat' dir='ltr'><strong>enunciationis</strong></span> 
     </span>
     <span class='ocr_line' id='line_1_30' title="bbox 212 3652 1164 3741; baseline 0.001 -23"><span class='ocrx_word' id='word_1_219' title='bbox 212 3654 328 3719; x_wconf 86' lang='lat' dir='ltr'><strong>veritas</strong></span> <span class='ocrx_word' id='word_1_220' title='bbox 342 3666 473 3719; x_wconf 89' lang='lat' dir='ltr'><strong>constet.</strong></span> <span class='ocrx_word' id='word_1_221' title='bbox 519 3653 587 3716; x_wconf 89' lang='lat' dir='ltr'><strong>Nec</strong></span> <span class='ocrx_word' id='word_1_222' title='bbox 603 3675 653 3715; x_wconf 92' lang='lat' dir='ltr'><strong>me</strong></span> <span class='ocrx_word' id='word_1_223' title='bbox 671 3653 818 3729; x_wconf 60' lang='lat' dir='ltr'><strong>arctabis</strong></span> <span class='ocrx_word' id='word_1_224' title='bbox 843 3667 878 3718; x_wconf 92' lang='lat' dir='ltr'><strong>ut</strong></span> <span class='ocrx_word' id='word_1_225' title='bbox 903 3652 974 3717; x_wconf 88' lang='lat' dir='ltr'><strong>licet</strong></span> <span class='ocrx_word' id='word_1_226' title='bbox 996 3653 1164 3741; x_wconf 86' lang='lat' dir='ltr'><strong>disposita-</strong></span> 
     </span>
     <span class='ocr_line' id='line_1_31' title="bbox 211 3755 1162 3833; baseline 0.002 -14"><span class='ocrx_word' id='word_1_227' title='bbox 211 3777 282 3820; x_wconf 91' lang='lat' dir='ltr'><strong>rum</strong></span> <span class='ocrx_word' id='word_1_228' title='bbox 299 3779 416 3833; x_wconf 89' lang='lat' dir='ltr'><strong>rerum‚</strong></span> <span class='ocrx_word' id='word_1_229' title='bbox 430 3755 614 3821; x_wconf 89' lang='lat' dir='ltr'><strong>mutabilem</strong></span> <span class='ocrx_word' id='word_1_230' title='bbox 629 3755 731 3819; x_wconf 85' lang='lat' dir='ltr'><strong>fatear</strong></span> <span class='ocrx_word' id='word_1_231' title='bbox 745 3779 811 3819; x_wconf 90' lang='lat' dir='ltr'><strong>esse</strong></span> <span class='ocrx_word' id='word_1_232' title='bbox 827 3765 985 3832; x_wconf 87' lang='lat' dir='ltr'><strong>naturam,</strong></span> <span class='ocrx_word' id='word_1_233' title='bbox 1001 3758 1162 3823; x_wconf 89' lang='lat' dir='ltr'><strong>scientiam</strong></span> 
     </span>
     <span class='ocr_line' id='line_1_32' title="bbox 211 3859 1164 3947; baseline 0.001 -23"><span class='ocrx_word' id='word_1_234' title='bbox 211 3860 459 3945; x_wconf 87' lang='lat' dir='ltr'><strong>disponentisob</strong></span> <span class='ocrx_word' id='word_1_235' title='bbox 469 3860 528 3923; x_wconf 94' lang='lat' dir='ltr'><strong>hoc</strong></span> <span class='ocrx_word' id='word_1_236' title='bbox 538 3859 639 3923; x_wconf 89' lang='lat' dir='ltr'><strong>dicam</strong></span> <span class='ocrx_word' id='word_1_237' title='bbox 650 3881 717 3921; x_wconf 90' lang='lat' dir='ltr'><strong>esse</strong></span> <span class='ocrx_word' id='word_1_238' title='bbox 727 3859 928 3938; x_wconf 83' lang='lat' dir='ltr'><strong>mutabilem3</strong></span> <span class='ocrx_word' id='word_1_239' title='bbox 944 3885 1043 3947; x_wconf 90' lang='lat' dir='ltr'><strong>quum</strong></span> <span class='ocrx_word' id='word_1_240' title='bbox 1054 3884 1164 3928; x_wconf 90' lang='lat' dir='ltr'><strong>secun-</strong></span> 
     </span>
     <span class='ocr_line' id='line_1_33' title="bbox 212 3961 1162 4048; baseline 0.005 -22"><span class='ocrx_word' id='word_1_241' title='bbox 212 3961 288 4026; x_wconf 90' lang='lat' dir='ltr'><strong>dum</strong></span> <span class='ocrx_word' id='word_1_242' title='bbox 304 3961 404 4048; x_wconf 88' lang='lat' dir='ltr'><strong>ipsius</strong></span> <span class='ocrx_word' id='word_1_243' title='bbox 419 3961 560 4026; x_wconf 88' lang='lat' dir='ltr'><strong>veritatis</strong></span> <span class='ocrx_word' id='word_1_244' title='bbox 575 3984 725 4025; x_wconf 89' lang='lat' dir='ltr'><strong>arcanum</strong></span> <span class='ocrx_word' id='word_1_245' title='bbox 748 3962 940 4040; x_wconf 89' lang='lat' dir='ltr'><strong>(Jobannem</strong></span> <span class='ocrx_word' id='word_1_246' title='bbox 954 3965 1058 4029; x_wconf 90' lang='lat' dir='ltr'><strong>filium</strong></span> <span class='ocrx_word' id='word_1_247' title='bbox 1081 3969 1162 4031; x_wconf 89' lang='lat' dir='ltr'><strong>toni-</strong></span> 
     </span>
     <span class='ocr_line' id='line_1_34' title="bbox 212 4063 1164 4152; baseline 0.001 -24"><span class='ocrx_word' id='word_1_248' title='bbox 212 4064 277 4128; x_wconf 90' lang='lat' dir='ltr'><strong>trui</strong></span> <span class='ocrx_word' id='word_1_249' title='bbox 292 4064 417 4149; x_wconf 89' lang='lat' dir='ltr'><strong>loquor)</strong></span> <span class='ocrx_word' id='word_1_250' title='bbox 435 4063 508 4127; x_wconf 88' lang='lat' dir='ltr'><strong>fidei</strong></span> <span class='ocrx_word' id='word_1_251' title='bbox 525 4077 658 4143; x_wconf 87' lang='lat' dir='ltr'><strong>constet,</strong></span> <span class='ocrx_word' id='word_1_252' title='bbox 674 4063 749 4149; x_wconf 89' lang='lat' dir='ltr'><strong>quia</strong></span> <span class='ocrx_word' id='word_1_253' title='bbox 764 4080 1013 4152; x_wconf 87' lang='lat' dir='ltr'><strong>quantacunque</strong></span> <span class='ocrx_word' id='word_1_254' title='bbox 1028 4068 1068 4132; x_wconf 92' lang='lat' dir='ltr'><strong>sit</strong></span> <span class='ocrx_word' id='word_1_255' title='bbox 1085 4068 1164 4130; x_wconf 88' lang='lat' dir='ltr'><strong>labi-</strong></span> 
     </span>
     <span class='ocr_line' id='line_1_35' title="bbox 212 4166 1163 4252; baseline 0.002 -23"><span class='ocrx_word' id='word_1_256' title='bbox 212 4166 285 4231; x_wconf 89' lang='lat' dir='ltr'><strong>litas</strong></span> <span class='ocrx_word' id='word_1_257' title='bbox 300 4167 541 4252; x_wconf 81' lang='lat' dir='ltr'><strong>subjectorum3</strong></span> <span class='ocrx_word' id='word_1_258' title='bbox 572 4166 660 4252; x_wconf 93' lang='lat' dir='ltr'><strong>quod</strong></span> <span class='ocrx_word' id='word_1_259' title='bbox 676 4168 797 4230; x_wconf 85' lang='lat' dir='ltr'><strong>sactum</strong></span> <span class='ocrx_word' id='word_1_260' title='bbox 822 4183 869 4232; x_wconf 84' lang='lat' dir='ltr'><strong>est</strong></span> <span class='ocrx_word' id='word_1_261' title='bbox 888 4170 920 4231; x_wconf 92' lang='lat' dir='ltr'><strong>in</strong></span> <span class='ocrx_word' id='word_1_262' title='bbox 945 4192 982 4230; x_wconf 93' lang='lat' dir='ltr'><strong>eo</strong></span> <span class='ocrx_word' id='word_1_263' title='bbox 997 4169 1062 4231; x_wconf 86' lang='lat' dir='ltr'><strong>vita</strong></span> <span class='ocrx_word' id='word_1_264' title='bbox 1084 4182 1163 4243; x_wconf 88' lang='lat' dir='ltr'><strong>erat,</strong></span> 
     </span>
     <span class='ocr_line' id='line_1_36' title="bbox 210 4267 1165 4356; baseline 0.001 -24"><span class='ocrx_word' id='word_1_265' title='bbox 210 4291 269 4356; x_wconf 92' lang='lat' dir='ltr'><strong>per</strong></span> <span class='ocrx_word' id='word_1_266' title='bbox 284 4290 380 4354; x_wconf 90' lang='lat' dir='ltr'><strong>quem</strong></span> <span class='ocrx_word' id='word_1_267' title='bbox 395 4268 481 4333; x_wconf 85' lang='lat' dir='ltr'><strong>facta</strong></span> <span class='ocrx_word' id='word_1_268' title='bbox 496 4282 570 4333; x_wconf 93' lang='lat' dir='ltr'><strong>sunt</strong></span> <span class='ocrx_word' id='word_1_269' title='bbox 584 4267 738 4334; x_wconf 86' lang='lat' dir='ltr'><strong>universa.</strong></span> <span class='ocrx_word' id='word_1_270' title='bbox 778 4269 862 4352; x_wconf 87' lang='lat' dir='ltr'><strong>Ejus</strong></span> <span class='ocrx_word' id='word_1_271' title='bbox 876 4271 985 4352; x_wconf 87' lang='lat' dir='ltr'><strong>itaque</strong></span> <span class='ocrx_word' id='word_1_272' title='bbox 1000 4268 1165 4353; x_wconf 89' lang='lat' dir='ltr'><strong>dispositio</strong></span> 
     </span>
     <span class='ocr_line' id='line_1_37' title="bbox 258 4388 698 4435; baseline -0.011 0"><span class='ocrx_word' id='word_1_273' title='bbox 258 4390 331 4435; x_wconf 79' lang='lat' dir='ltr'><strong>von.</strong></span> <span class='ocrx_word' id='word_1_274' title='bbox 350 4390 400 4434; x_wconf 83' lang='lat'>111.</span> <span class='ocrx_word' id='word_1_275' title='bbox 686 4388 698 4430; x_wconf 93' lang='lat'>1</span> 
     </span>
    </p>
   </div>
   <div class='ocr_carea' id='block_1_3' title="bbox 0 0 1667 5309">
    <p class='ocr_par' dir='ltr' id='par_1_3' title="bbox 0 0 1667 5309">
     <span class='ocr_line' id='line_1_38' title="bbox 0 0 1667 5309; baseline 0 0"><span class='ocrx_word' id='word_1_276' title='bbox 0 0 1667 5309; x_wconf 95' lang='lat' dir='ltr'><strong> </strong></span> 
     </span>
    </p>
   </div>
  </div>
 </body>
</html>
