3309 5309
302 685 303 691 ἵ
357 634 427 678 oar.
445 617 514 696 xv.]
704 635 958 681 norrcnarrcns.
1247 625 1307 684 821

355 787 426 868 quis
436 786 582 870 iniquum
593 787 728 861 lucrum,
740 788 789 848 vel
802 786 952 849 damnum
967 787 1091 862 sentiat,
1103 790 1305 869 praecavebit.

354 886 509 969 Congruit
524 889 612 950 enim
623 889 709 950 bono
725 897 757 950 et
770 890 856 967 gravi
871 887 1011 970 praesidi,
1024 909 1132 951 curare
1145 898 1180 950 ut
1192 903 1305 970 pacata

353 994 386 1049 et
407 989 514 1071 quieta
535 988 575 1050 sit
594 989 777 1070 provincia:
808 987 895 1070 quod
912 986 1007 1050 facile
1031 987 1189 1050 obtinebit
1210 991 1238 1051 si
1253 1011 1305 1052 so-

351 1089 439 1152 licite
473 1100 556 1170 agat,
591 1100 626 1151 ut
651 1089 744 1151 malis
773 1087 960 1150 hominibus
993 1088 1159 1169 provincia
1191 1105 1307 1168 careat,

352 1208 471 1272 eosque
487 1189 661 1271 conquirat.
701 1190 785 1250 Nam
800 1197 833 1249 et
849 1188 1032 1267 sacrilegos,
1046 1188 1196 1263 latronse,
1209 1190 1303 1267 fures,
1352 1269 1354 1273 .

351 1290 519 1371 plagiarios
543 1290 731 1372 conquirere
757 1288 863 1364 debet,
890 1300 922 1350 et
945 1297 1041 1369 prout
1065 1289 1198 1370 quisque
1226 1289 1302 1352 deli·

351 1390 465 1472 querit,
481 1390 513 1450 in
529 1410 601 1451 eum
618 1387 879 1465 animadvertere,
889 1397 1166 1471 receptatoresque
1182 1411 1302 1466 eorum,
1365 1384 1372 1396 ’

350 1489 420 1552 sine
445 1489 563 1572 quibus
590 1490 669 1551 latro
693 1488 813 1550 diutius
836 1489 933 1550 latere
959 1510 1023 1551 non
1046 1498 1160 1571 potest.
1205 1492 1303 1554 Omni

350 1611 424 1653 vero
445 1589 501 1672 jus
525 1588 670 1652 reddenti
697 1588 930 1652 observandum
957 1600 1014 1667 est,
1037 1591 1127 1652 utin
1151 1590 1300 1654 adeundo

350 1690 480 1774 quidem
501 1690 625 1753 facilem
644 1710 679 1751 se
700 1691 850 1771 praebeat,
871 1687 928 1751 sed
951 1691 1114 1751 contemni
1133 1711 1197 1751 non
1218 1691 1300 1772 pati-

350 1800 429 1851 atur.
474 1791 571 1854 Unde
594 1788 750 1854 mandatis
773 1789 929 1873 adjicitur,
953 1811 994 1852 ne
1018 1789 1171 1873 praesides
1194 1791 1226 1852 in
1250 1793 1298 1853 ul·

349 1890 495 1953 teriorem
512 1892 757 1954 familiaritatem
771 1890 982 1973 provinciales
998 1889 1174 1954 admittant.
1214 1892 1300 1954 Nam

349 2013 391 2055 ex
411 1993 649 2055 conversatione
670 1991 796 2075 aequali,
811 1993 1009 2074 contemptio
1032 1993 1173 2055 nascitur
1194 1991 1298 2072 digni-

348 2094 431 2157 tatis.
476 2095 521 2156 Et
542 2094 723 2156 summatim
742 2095 787 2156 ita
807 2093 863 2175 jus
887 2092 980 2155 reddi
1007 2093 1115 2171 debet,
1134 2103 1169 2154 ut
1188 2101 1297 2155 aucto·

348 2194 471 2258 ritatem
503 2194 665 2276 dignitatis
690 2195 821 2276 ingenio
848 2215 907 2256 suo
933 2205 1057 2275 augeat.
1107 2194 1180 2268 ,sed
1207 2202 1239 2256 et
1266 2194 1299 2255 in

349 2294 588 2375 cognoscendo,
609 2315 670 2356 nec
698 2293 934 2356 excandescere
959 2293 1109 2356 adversus
1131 2315 1197 2371 eos,
1219 2315 1299 2377 quos

348 2397 450 2458 malos
464 2404 566 2477 putat,
577 2416 637 2458 nec
654 2395 803 2476 precibus
814 2395 1072 2458 calamitosorum
1086 2394 1299 2476 illachrymari

348 2484 481 2578 oportet.
526 2496 566 2558 ld
586 2497 671 2559 enim
685 2506 815 2559 nonest
833 2497 1008 2559 constantis
1023 2506 1054 2557 et
1073 2496 1151 2557 recti
1164 2494 1298 2577 judicis,

349 2597 440 2681 cujus
464 2606 589 2658 motum
614 2597 711 2659 animi
737 2596 843 2658 vultus
870 2596 998 2675 detegit.
1044 2594 1131 2666 Quid
1156 2596 1298 2656 enimin

347 2698 412 2760 viro
429 2699 517 2778 gravi
532 2697 715 2776 deformius,
730 2718 827 2781 quam
842 2697 867 2759 si
884 2696 924 2759 ad
940 2717 1046 2758 auram
1059 2717 1150 2778 genae
1165 2697 1299 2779 pallent,

348 2802 431 2863 cutis
450 2800 485 2861 in
505 2821 599 2880 rugas
619 2800 827 2875 contrahitur,
842 2799 1020 2861 scintillant
1041 2799 1138 2875 oculi,
1153 2799 1297 2860 turbatur

347 2903 469 2977 vultus3
491 2915 547 2963 aut
561 2902 588 2964 si
604 2900 794 2981 sanguinem
812 2900 906 2962 faciei
925 2900 971 2962 ira
985 2899 1144 2976 accendit,
1159 2909 1191 2963 et
1206 2900 1298 2981 quasi

347 3001 492 3066 excludit
506 3002 541 3064 in
564 3000 779 3084 superficiem,
795 3001 976 3082 spumantia
998 3011 1183 3082 torquentur
1200 3000 1296 3075 labia,

346 3101 478 3164 brachia
492 3102 669 3186 jactantur,
691 3102 809 3164 saliunt
832 3101 944 3183 pedes,
964 3122 1080 3183 corpus
1099 3100 1245 3183 trepidat,
1266 3111 1298 3161 et

347 3211 414 3264 toto
433 3213 524 3284 gestu
543 3223 608 3265 non
629 3212 695 3265 tam
716 3203 828 3264 iratum
852 3202 1011 3285 exprimit,
1026 3223 1122 3285 quam
1141 3203 1298 3263 insanum.

347 3300 439 3363 Certe
449 3322 549 3382 quum
559 3300 1298 3384 talesvideo,compatiorilliS,mihiquemetue,

347 3420 469 3462 memor
496 3399 677 3478 hominum,
708 3421 789 3482 quos
819 3401 854 3460 in
887 3400 997 3462 Africa
1033 3422 1112 3480 esse,
1146 3402 1179 3463 in
1217 3400 1298 3462 libro

347 3500 498 3564 naturalis
526 3500 666 3562 historiae
697 3500 784 3583 apud
815 3500 956 3562 Plinium
983 3500 1095 3564 didici.
1138 3502 1299 3562 Dicuntur

347 3601 432 3663 enim
448 3598 635 3664 effascinare
652 3622 730 3663 voce
746 3611 778 3664 et
793 3601 915 3680 lingua,
931 3612 967 3663 ut
982 3603 1009 3663 si
1028 3602 1202 3684 impensius
1218 3601 1297 3663 forte

346 3699 546 3762 laudaverint
560 3700 709 3782 pulchras
732 3703 871 3772 arboreS,
888 3710 1011 3779 segetes
1026 3700 1227 3777 amoeniores,
1241 3701 1296 3762 lae-

346 3799 441 3862 tiores
454 3797 602 3872 infantes,
615 3820 715 3882 equos
731 3801 886 3880 egregios,
900 3800 1041 3883 pecudes
1055 3814 1149 3882 pastu
1160 3812 1192 3862 et
1207 3802 1297 3863 cultu

347 3899 493 3980 optimas,
507 3912 637 3980 repente
651 3900 839 3971 moriantur,
855 3911 909 3962 aut
927 3911 1070 3982 pereant.
1115 3901 1298 3963 Fascinatio

348 4021 473 4083 quoque
488 4003 653 4063 oculorum
668 4001 807 4064 exitialis
822 4012 882 4063 est.
926 4004 1035 4065 Refert
1049 4004 1133 4065 idem
1150 4003 1297 4063 homines

348 4120 415 4163 esse
430 4102 463 4162 in
480 4101 631 4183 Illyricis,
646 4102 701 4186 qui
717 4101 903 4164 interimant
917 4102 1066 4178 videndo,
1082 4123 1161 4184 quos
1178 4102 1298 4163 diutius

347 4199 417 4263 irati
439 4199 585 4263 viderint.
631 4203 763 4285 Eosqoe
783 4203 873 4284 ipsos
893 4222 1005 4275 mares,
1022 4202 1220 4283 feminasque
1237 4204 1293 4283 qui

392 4318 464 4360 von.
483 4319 533 4361 111.
825 4320 847 4360 r
