3309 5309
377 650 437 710 116
624 664 758 709 Jonnurs
774 664 1055 709 sauusuauumsrs
1188 645 1274 726 [cra.
1293 663 1329 707 11.

375 819 450 881 dose
479 812 603 898 colligis
633 828 776 901 patenter
806 815 909 880 video.
962 815 1073 879 Primo
1102 815 1180 900 quia
1209 812 1328 878 divinar

374 917 545 1004 majestatis
565 915 819 995 immensitatem,
835 917 1003 1002 parvitatis
1025 915 1173 979 humanae
1197 913 1329 978 modulo

373 1017 611 1096 circumscribis,
640 1032 672 1082 et
708 1019 896 1084 aeternitatis
930 1018 1160 1084 immutabilem
1197 1029 1333 1096 statum,

372 1119 547 1185 labentium
567 1141 670 1184 rerum
694 1120 841 1204 imagine,
857 1133 888 1184 et
912 1119 1149 1184 succedentium
1166 1118 1227 1183 sibi
1248 1130 1326 1181 tem·

371 1245 484 1309 porum
501 1221 652 1285 varietate
667 1221 848 1305 distinguis.
888 1222 950 1285 Sed
967 1222 1061 1306 louge
1076 1244 1165 1285 secus
1180 1243 1247 1284 esse
1263 1219 1325 1297 bic,

370 1338 467 1410 atque
479 1325 510 1387 in
527 1324 578 1386 bis
594 1346 634 1386 ex
652 1323 906 1407 praecedentibus
919 1323 1063 1410 oportuit
1074 1323 1210 1409 concipi,
1225 1345 1324 1409 quum

369 1425 562 1491 aeternitatis
574 1437 692 1489 statum
712 1425 819 1489 nullus
839 1427 969 1490 omnino
992 1437 1099 1489 motus
1121 1424 1271 1509 attingat,
1291 1436 1323 1486 et

369 1551 514 1592 creatura
540 1526 694 1612 quaelibet
719 1550 856 1606 accessu,
882 1529 932 1591 vel
958 1528 1086 1592 decessu
1113 1527 1324 1592 accidentium

367 1643 542 1693 moveatur.
588 1630 696 1691 Homo
711 1628 868 1714 siquidem
885 1629 910 1692 si
926 1628 1005 1714 quid
1028 1629 1176 1714 providet
1196 1628 1322 1694 futuro·

367 1752 448 1807 rum,
465 1730 569 1795 statim
593 1743 731 1793 mentem
753 1733 823 1815 ejus
845 1729 977 1814 quidam
999 1743 1104 1794 motus
1123 1729 1322 1814 aggreditur,

367 1845 403 1895 ut
418 1832 542 1895 animus
557 1830 696 1916 quadam
713 1830 925 1915 applicatione
941 1829 1002 1906 sui,
1017 1829 1161 1894 adalind
1184 1830 1274 1917 apud
1289 1853 1321 1894 se

365 1933 469 1996 futuri
484 1932 588 2017 operis
603 1931 735 2016 speciem
754 1932 951 2016 praefiguret,
969 1931 1166 2018 eandemque
1181 1931 1321 2017 plerum·

366 2057 429 2117 que
438 2056 522 2096 nunc
532 2032 623 2118 quasi
632 2033 663 2095 in
671 2033 808 2096 archivis
819 2034 978 2097 memorioe
987 2033 1176 2118 depositam,
1184 2034 1319 2120 reponit,

363 2155 448 2195 nunc
474 2132 564 2217 quasi
591 2132 623 2194 in
650 2133 779 2215 speculo
805 2133 921 2199 nativae
948 2135 1098 2219 puritatis
1127 2135 1261 2220 replicat
1286 2150 1317 2200 et

364 2231 505 2296 revolvit.
551 2232 690 2295 Facilius
716 2232 798 2297 enim
823 2245 870 2296 est
896 2249 1018 2299 motum
1041 2235 1127 2298 bunc
1148 2236 1191 2300 ab
1213 2237 1317 2301 animo

363 2332 490 2397 omuino
519 2332 662 2406 delicere,
694 2355 790 2416 quam
820 2334 1085 2420 contemplatione
1109 2335 1183 2420 jugi
1212 2337 1316 2400 auimo

361 2433 525 2498 inhaerere.
562 2435 607 2497 Et
623 2433 752 2518 quidem
776 2435 827 2498 bic
851 2452 967 2514 motus,
983 2439 1009 2501 si
1032 2461 1094 2501 nou
1115 2437 1315 2523 providentia

360 2548 419 2612 est,
429 2549 484 2600 aut
495 2534 724 2620 providentiam
739 2537 834 2619 parit,
846 2553 901 2602 aut
914 2540 942 2603 ei
954 2541 1175 2625 cujuscunque
1187 2540 1316 2605 foederis

360 2639 473 2702 notitia
485 2638 654 2702 vicinatur.
688 2637 795 2712 Quum
812 2661 886 2703 vero
901 2655 1008 2706 motus
1022 2643 1214 2727 praecedens,
1228 2657 1260 2709 et
1275 2668 1313 2708 ex

359 2763 395 2805 ea
416 2750 568 2826 concepta
590 2740 720 2825 speclea,
736 2741 838 2805 futuri
858 2743 962 2827 operis
978 2743 1106 2829 sequela
1127 2744 1312 2822 frustratur,

357 2842 460 2904 inanis
475 2854 522 2905 est
542 2840 674 2925 agitatio
695 2842 818 2917 mentis,
837 2855 867 2906 et
890 2844 982 2928 quasi
1003 2845 1117 2907 umbra
1132 2844 1164 2908 in
1183 2849 1311 2923 somnis,

357 2943 422 3007 sine
443 2944 586 3007 veritatis
605 2965 736 3028 corpore
758 2945 927 3009 evanescit.
971 2949 1082 3012 Motus
1103 2960 1220 3028 tamen,
1236 2949 1311 3033 quia

356 3048 458 3132 reipsa
474 3047 535 3110 fuit
551 3047 584 3109 in
608 3046 724 3123 anima,
739 3069 801 3110 non
824 3059 929 3132 potest
945 3070 1006 3110 nou
1030 3048 1126 3112 fuisse
1140 3049 1174 3112 in
1195 3051 1309 3128 anima,

354 3160 386 3210 et
409 3146 513 3209 anima
533 3168 607 3230 quae
631 3159 737 3209 motus
757 3146 930 3230 agitatione
953 3160 1039 3211 mota
1058 3161 1116 3226 est,
1140 3172 1202 3214 uon
1223 3165 1309 3216 mota

353 3270 416 3310 nou
445 3248 542 3312 fuisse
572 3270 633 3310 nou
664 3259 779 3332 potest.
826 3249 926 3311 Porro
952 3248 1069 3313 divinae
1094 3251 1306 3336 simplicitatis

353 3361 467 3422 status,
494 3348 586 3428 longe
614 3348 675 3411 alia
706 3348 846 3413 conditio
875 3363 933 3413 est.
981 3351 1032 3415 Ea
1060 3352 1218 3436 siquidem
1245 3376 1308 3418 uuo

353 3447 487 3533 simplici
503 3459 535 3511 et
555 3448 722 3513 individuo
738 3465 879 3535 aspectu,
895 3463 932 3514 ut
947 3452 1137 3536 praedictum
1158 3468 1218 3533 est,
1232 3478 1306 3540 quae

352 3562 437 3625 sunt,
454 3571 524 3634 quae
546 3548 687 3627 fuerunt,
703 3564 734 3614 et
756 3573 830 3637 quae
851 3564 986 3616 ventura
1006 3566 1092 3632 sunt,
1107 3556 1214 3619 omnia
1234 3579 1305 3621 cou-

352 3648 535 3733 templatur‚
548 3649 701 3735 nulloque
710 3673 815 3713 rerum
827 3652 1030 3716 mutabilium
1040 3653 1131 3739 lapsu
1142 3669 1302 3720 movetur:

351 3748 406 3812 sed
426 3750 457 3812 in
474 3751 575 3836 scipsa
595 3751 690 3814 semel
711 3767 742 3816 et
767 3751 861 3816 simul
881 3767 1034 3818 contuens
1056 3756 1213 3838 universa,
1228 3758 1302 3822 suh·

348 3850 431 3916 sistit
447 3852 652 3931 invariabilis,

453 3963 604 4032 stabilisque
616 3981 723 4017 manens
735 3966 781 4019 dat
792 3974 884 4022 cuncta
895 3972 1000 4023 moveri.

346 4070 393 4132 Et
418 4066 490 4130 licet
518 4066 679 4130 interdum
705 4068 734 4131 ei
760 4074 914 4154 praeteriti
942 4078 1095 4159 temporis
1121 4092 1177 4143 aut
1201 4077 1299 4144 futuri

346 4170 442 4233 verba
457 4180 618 4254 aptentur,
634 4192 698 4234 non
714 4172 742 4234 ei
763 4173 936 4259 quicquam
953 4200 992 4240 ex
1014 4176 1074 4241 buc
1090 4179 1237 4244 subtrahi
1251 4179 1299 4244 vel

345 4271 538 4358 impendere,
566 4272 619 4336 sed
651 4295 756 4338 rerum
788 4277 1002 4362 subjectarum
1034 4282 1246 4359 mutabilitas,
1273 4281 1297 4347 si
