3309 5309
343 666 408 726 284
606 667 1048 718 .soa1v1v1sssnnsnnn1nus1s
1168 646 1250 728 [nin.
1267 667 1298 709 v.

346 830 468 896 tristem
499 825 639 911 aliquem
662 846 728 888 esse
751 843 813 887 non
835 820 987 905 patiatur.
1033 821 1104 893 Qua
1136 840 1210 881 vero
1233 830 1301 882 arte

346 932 380 997 id
411 933 478 1006 fiet,
501 927 627 992 moralis
648 947 783 1010 campus
812 923 976 1008 subjectus
1004 920 1188 1006 exequitur,
1213 932 1301 984 tanta

347 1033 477 1121 quidem
500 1028 683 1094 amoenitate
704 1025 832 1103 florum,
853 1037 886 1089 et
903 1021 1067 1088 fructuum
1090 1023 1249 1096 ubertate,
1265 1033 1301 1085 ut

349 1136 374 1201 si
397 1134 470 1219 quis
492 1153 564 1195 eum
588 1129 780 1214 ingreditur,
807 1126 949 1191 Paradisi
972 1148 1004 1189 se
1026 1124 1148 1188 deliciis
1163 1123 1302 1210 gaudeat

348 1237 507 1301 interesse.
533 1230 663 1295 Miraris
673 1218 755 1316 forle
767 1243 798 1294 et
809 1227 964 1294 attonitus
972 1226 1182 1312 obstupescis,
1193 1246 1302 1311 quem·

351 1360 446 1425 quam
469 1338 502 1400 in
529 1333 625 1398 exilio
647 1333 750 1396 carnis
771 1331 880 1417 hujus,
909 1342 1008 1394 tantae
1036 1327 1215 1392 dulcedinis
1239 1349 1303 1390 esse

351 1440 550 1528 participem,
566 1450 598 1502 et
620 1435 794 1503 coelestium
809 1435 927 1498 civium
943 1455 1010 1497 esse
1024 1433 1197 1496 concivem.
1242 1429 1304 1496 Sed

352 1567 392 1610 an
416 1543 461 1608 ita
489 1564 556 1606 esse
581 1538 691 1626 possit,
720 1560 759 1602 ex
789 1536 941 1623 operibus
971 1534 1030 1598 viri
1059 1533 1142 1620 justi
1173 1546 1211 1598 tu
1240 1534 1306 1618 ipse

353 1644 504 1731 dijudica.
551 1641 586 1708 Si
616 1639 729 1725 negavi
755 1637 843 1724 quod
868 1636 1017 1701 volebant
1044 1635 1250 1721 pauperibus,
1275 1646 1307 1698 et

355 1746 465 1811 oculos
489 1744 596 1809 viduae
621 1755 790 1828 expectare
815 1741 886 1806 feci.
930 1742 965 1806 si
988 1737 1111 1803 comedi
1134 1736 1305 1801 buccellam

356 1871 458 1913 meam
481 1846 577 1923 solus,
600 1858 632 1911 et
654 1867 717 1908 non
739 1842 876 1908 comedit
898 1841 1044 1930 pupillus
1058 1865 1098 1906 ex
1113 1864 1161 1916 ea,
1176 1841 1254 1928 quia
1269 1840 1308 1904 ab

357 1949 491 2014 infantia
512 1948 610 2013 crevit
634 1968 757 2012 mecum
781 1946 953 2022 miseratio,
969 1956 1001 2008 et
1023 1943 1064 2008 de
1087 1955 1180 2007 utero
1202 1941 1310 2007 matris

357 2072 437 2114 meae
452 2071 578 2134 egressa
598 2058 646 2112 est
669 2068 803 2111 mecum.
849 2045 882 2109 Si
905 2043 1036 2129 despexi
1055 2057 1309 2130 praetereuntem,

358 2148 497 2237 eoquod
514 2170 577 2212 non
597 2147 744 2213 habuerit
766 2146 1000 2225 indumentum,
1014 2159 1047 2210 et
1068 2145 1189 2230 absque
1210 2143 1311 2230 operi-

359 2264 467 2315 mento
487 2271 672 2335 pauperem.
717 2249 752 2314 Si
778 2270 840 2312 non
867 2247 1084 2312 benedixerint
1109 2246 1189 2311 mihi
1215 2246 1312 2310 latera

359 2351 440 2436 ejus,
455 2359 487 2413 et
508 2348 549 2413 de
572 2347 743 2412 velleribus
765 2348 873 2412 ovium
896 2370 1036 2412 mearum
1060 2346 1234 2414 calefactus
1254 2358 1310 2410 est.

362 2451 396 2516 Si
407 2449 510 2515 levavi
521 2472 617 2536 super
625 2449 784 2536 pupillum
797 2472 926 2515 manum
937 2472 1050 2530 meam,
1062 2471 1164 2535 quum
1173 2448 1312 2513 viderem

362 2577 412 2619 me
426 2553 459 2618 in
475 2566 568 2640 porta
582 2551 787 2638 superiorem,
796 2551 950 2617 humerus
958 2574 1048 2616 meus
1061 2574 1081 2615 a
1090 2551 1246 2638 junctura
1260 2571 1316 2614 sua

362 2655 467 2734 cadat,
493 2667 526 2720 et
551 2654 716 2719 brachium
744 2676 851 2718 meum
876 2677 949 2719 cum
975 2653 1101 2719 ossibus
1126 2665 1317 2718 conteratur.

366 2759 496 2844 Semper
517 2757 600 2821 enim
621 2759 712 2843 quasi
734 2769 892 2821 tumentes
913 2755 1031 2822 fluctus
1046 2778 1143 2842 super
1162 2777 1213 2819 mc
1227 2751 1317 2819 timui

366 2863 486 2942 Deum,
509 2874 539 2923 et
565 2858 691 2946 pondus
714 2859 783 2944 ejus
805 2857 889 2923 ferre
912 2881 974 2924 non
999 2858 1101 2946 potui.
1148 2857 1182 2923 si
1208 2855 1315 2943 putavi

365 2982 479 3024 aurum
504 2961 600 3026 robur
622 2982 739 3039 meum,
753 2972 785 3023 et
808 2959 875 3024 dixi
898 2960 1009 3025 obrizo
1023 2960 1143 3025 fiducia
1163 2982 1243 3025 mea.
1286 2957 1318 3021 Si

369 3061 496 3127 laetatus
506 3085 574 3128 sum
588 3083 683 3148 super
695 3061 806 3125 multis
820 3061 941 3126 divitiis
951 3062 1039 3142 meis,
1049 3075 1082 3128 et
1096 3065 1174 3148 quia
1185 3062 1320 3148 plurima

367 3161 484 3248 reperit
507 3184 620 3228 manus
641 3184 719 3226 mea.
766 3162 799 3226 Si
815 3161 882 3227 vidi
897 3163 992 3227 solem
1009 3186 1112 3249 quum
1127 3163 1276 3250 fulgeret,
1290 3174 1321 3226 et

369 3263 477 3328 lunam
493 3265 689 3330 incedentem
706 3263 799 3344 clare,
814 3277 846 3329 et
862 3264 1005 3331 laetatum
1027 3266 1122 3330 estin
1138 3263 1321 3331 abscondito

369 3387 424 3429 cor
441 3387 559 3446 meum,
573 3380 605 3430 et
627 3365 788 3431 osculatus
810 3389 880 3430 snm
896 3389 1024 3433 manum
1048 3391 1151 3433 meam
1167 3391 1222 3434 ore
1243 3389 1323 3446 meo,

370 3486 445 3549 quae
467 3476 515 3527 est
537 3463 690 3551 iniquitas
712 3465 863 3549 maxima,
884 3482 917 3533 et
939 3469 1068 3556 negatio
1089 3482 1202 3534 contra
1218 3468 1321 3531 Deum

371 3564 570 3631 altissimum.
616 3567 651 3633 si
666 3569 797 3655 gavisus
818 3592 887 3634 sum
911 3569 952 3633 ad
976 3574 1099 3635 ruinam
1111 3573 1188 3658 ,ejus
1205 3570 1261 3657 qui
1276 3590 1324 3632 me

372 3667 494 3748 oderat,
509 3680 541 3733 et
559 3669 702 3736 exultavi
723 3671 809 3758 quod
833 3672 1004 3738 invenisset
1022 3696 1095 3737 eum
1118 3673 1248 3738 malum.
1292 3669 1325 3735 Si

372 3789 435 3832 non
451 3766 603 3834 dixerunt
618 3770 678 3834 viri
695 3771 889 3838 tabernaculi
910 3771 984 3853 mei,
997 3772 1070 3858 quis
1092 3773 1147 3839 det
1168 3774 1209 3839 de
1229 3771 1328 3838 carni·

373 3869 435 3936 bus
449 3869 518 3954 ejus
534 3882 571 3933 ut
586 3877 788 3936 saturemur?
813 3874 907 3941 Foris
922 3898 985 3941 non
1004 3875 1118 3941 mansit
1134 3876 1329 3964 peregrinus,

374 3970 491 4038 ostium
507 3990 612 4032 meum
628 3972 734 4057 patuit
749 3972 872 4039 viatori.
911 3977 945 4039 Si
960 3977 1111 4043 abscondi
1128 3980 1222 4066 quasi
1237 3980 1329 4045 bomo

375 4086 540 4164 peccatum
563 4094 681 4150 meum,
702 4088 734 4139 et
756 4075 866 4141 caelavi
888 4082 921 4144 in
944 4079 1014 4144 sinu
1037 4104 1108 4146 meo
1130 4082 1328 4170 iniquitatem

376 4201 488 4243 meam.
535 4177 569 4241 Si
590 4177 706 4262 expavi
727 4178 769 4243 ad
791 4179 1032 4249 multitudinem
1056 4184 1198 4266 nimiam,
1220 4199 1252 4251 et
1277 4185 1330 4249 de·

378 4281 497 4366 spectio
514 4282 769 4366 propinquorum
792 4287 908 4350 terruit
927 4309 987 4366 me,
1002 4299 1034 4352 et
1048 4309 1111 4352 non
1130 4290 1234 4376 magis
1248 4287 1331 4355 tacui
