3309 5309
347 673 416 717 car.
434 656 497 735 1v.]
687 670 939 721 rotvaaarrcos.
1261 665 1302 721 29

347 828 448 889 mavis
465 827 505 889 de
527 828 709 912 aequissimo
725 828 797 911 jure
816 828 988 908 Quiritum,
1002 851 1107 894 rerum
1122 832 1173 893 vel
1189 832 1302 896 salutis

344 928 518 1011 utrobique
541 927 747 1014 dispendium
763 925 916 992 imminet.
962 929 998 992 si
1014 942 1198 994 venatorum
1216 932 1302 1015 quir-

346 1028 433 1111 piam
460 1039 656 1112 pertranseat
681 1030 762 1093 fines
791 1041 875 1105 tuos,
901 1030 942 1107 ei,
969 1052 1042 1115 quae
1072 1030 1159 1093 domi
1188 1032 1301 1107 habes,

346 1129 573 1195 incunctanter
602 1142 636 1194 et
663 1144 841 1195 reverenter
870 1152 1008 1215 expone,
1034 1132 1187 1217 quodque
1212 1132 1302 1196 domi

346 1252 411 1294 non
435 1242 496 1309 est,
511 1243 543 1295 et
564 1234 662 1296 habet
677 1232 813 1311 vicinus,
835 1233 868 1295 in
892 1254 969 1296 usus
990 1232 1078 1296 illius
1100 1254 1183 1311 emo,
1196 1255 1238 1298 ne
1260 1256 1303 1299 ex

346 1333 446 1397 edicti
461 1335 593 1398 licentia
607 1346 662 1399 tua
676 1335 796 1398 auferat
811 1336 861 1398 vel
876 1334 986 1416 invito,
998 1346 1030 1399 et
1044 1333 1084 1397 de
1099 1337 1303 1401 irreverentia

347 1445 379 1498 et
405 1445 593 1519 contemptu
617 1437 741 1520 cogaris
763 1436 798 1498 in
821 1437 966 1499 centuria
987 1447 1043 1500 aut
1067 1436 1133 1500 soro
1156 1438 1303 1521 prasidio

348 1538 398 1600 vel
412 1538 626 1621 proconsulis,
642 1547 698 1602 aut
717 1538 849 1600 sortasse
863 1538 897 1598 in
914 1538 1067 1615 concilio,
1079 1540 1166 1601 laesae
1186 1539 1302 1621 majes-

346 1640 422 1702 tatis
438 1638 569 1703 reddere
586 1640 755 1704 rationem.
798 1637 1005 1701 Protenditur
1018 1638 1136 1702 etenim
1151 1641 1301 1723 patrimo·

347 1740 436 1803 nium
453 1740 534 1819 fisci,
551 1740 627 1804 dum
642 1740 683 1804 de
698 1741 806 1805 alieno
828 1759 1022 1823 quacunque
1044 1738 1166 1803 ratione
1181 1740 1302 1805 familia

348 1852 510 1924 sumptum
522 1841 609 1905 facit.
632 1843 753 1907 Verum
764 1862 806 1904 ne
816 1839 995 1904 venaticam
1005 1851 1037 1903 et
1046 1841 1125 1904 alias
1136 1841 1301 1905 curialium

349 1964 461 2025 nugas,
481 1964 549 2006 non
573 1952 640 2006 tam
660 1940 788 2028 judicio
814 1962 913 2027 quam
935 1941 1010 2006 odio
1035 1942 1127 2006 stilus
1151 1942 1302 2028 persequi

349 2044 502 2121 videatur,
518 2066 589 2108 eam
611 2044 870 2109 indifferentibus
892 2043 1184 2109 connumerandam
1207 2044 1301 2109 facile

348 2146 516 2229 libensque
533 2146 709 2223 consentio,
723 2145 786 2208 nisi
803 2145 880 2229 quia
901 2145 1110 2209 immoderato
1126 2146 1302 2229 voluptatis

350 2248 490 2325 incursu,
512 2248 633 2312 virilem
657 2248 799 2311 animum
821 2246 979 2326 concutit,
1003 2258 1036 2312 et
1059 2247 1301 2312 fundamentum

350 2349 504 2413 subvertit
526 2350 668 2414 rationis.
713 2349 790 2411 Non
815 2358 921 2412 tamen
947 2350 989 2412 ob
1015 2350 1077 2412 hoo
1102 2349 1162 2414 erit
1184 2369 1301 2434 usque·

349 2472 477 2535 quaque
489 2450 671 2534 culpabilis,
680 2472 779 2535 quum
795 2460 827 2514 et
835 2451 956 2528 vinum,
965 2450 1054 2534 quod
1068 2451 1215 2530 inebriat,
1224 2452 1301 2514 sub·

349 2553 510 2621 versionis,
528 2555 656 2637 culpam
678 2563 860 2636 retorqueat
882 2555 916 2617 in
938 2553 1117 2625 bibentem,
1144 2563 1177 2616 et
1202 2574 1300 2616 senex

348 2675 433 2738 saepe
456 2675 522 2716 non
544 2663 609 2717 tam
631 2653 747 2730 aetatis,
769 2674 867 2735 quam
890 2672 949 2715 suo
965 2652 1053 2729 vitio,
1075 2672 1205 2715 sensum
1228 2674 1301 2736 pro·

346 2753 425 2816 serat
446 2754 611 2836 puerilem.
656 2753 768 2817 Potest
790 2753 888 2835 igitur
902 2751 1049 2815 venatica
1071 2772 1140 2817 esse
1163 2752 1249 2815 utilis
1269 2764 1302 2816 et

346 2855 502 2931 honesta3
533 2855 589 2919 sed
617 2878 658 2920 ex
682 2858 765 2934 loco,
792 2866 947 2939 tempore,
968 2853 1078 2934 modo,
1099 2876 1247 2939 persona,
1270 2865 1302 2918 et

346 2979 453 3021 causa.
500 2959 643 3022 Persona
663 2979 803 3042 namque
819 2966 966 3020 venustat
981 2955 1134 3032 studium,
1151 2957 1228 3019 dum
1243 2977 1302 3019 suo

346 3059 468 3122 insistit
480 3059 586 3120 officio
602 3068 636 3122 et
649 3080 713 3121 non
731 3059 873 3141 praeripit
884 3058 1035 3119 alienum.
1065 3058 1137 3118 Nec
1153 3056 1303 3139 estquod

345 3180 544 3246 quemquam
566 3159 668 3239 magis
690 3160 814 3231 deceat,
838 3179 934 3241 quam
957 3155 1046 3240 quod
1065 3155 1174 3219 officio
1197 3155 1301 3239 cujus·

346 3284 409 3346 que
426 3259 531 3342 magis
546 3257 789 3323 accommodum
812 3269 870 3321 est.
914 3258 1070 3321 Praeclare
1086 3255 1244 3339 siquidem
1259 3260 1303 3323 ait

346 3360 495 3439 Ethicus,
518 3361 716 3441 singularum
739 3379 943 3443 personarum
967 3358 1084 3422 deeora
1106 3357 1302 3439 describens,

348 3463 388 3526 Id
411 3483 672 3547 unumquemque
694 3460 788 3526 decet
805 3460 956 3537 maxime,
972 3460 1059 3545 quod
1078 3471 1126 3525 est
1147 3461 1301 3549 cujusque

347 3566 498 3629 maxime.
553 3563 640 3637 Quid
669 3586 745 3647 ergo
775 3563 855 3626 mihi
884 3574 916 3626 et
951 3564 1010 3628 tibi
1040 3585 1113 3627 cum
1144 3567 1301 3630 venatoris

348 3666 566 3750 professione?
604 3666 669 3730 Sua
684 3687 823 3750 namque
844 3666 989 3747 neglecta
1006 3665 1227 3748 turpissimum
1241 3677 1301 3745 est,

348 3791 507 3854 quemque
522 3768 695 3832 studiosius
716 3770 750 3830 in
773 3768 879 3831 aliena
895 3767 1020 3830 versari.
1065 3766 1152 3839 Quid
1174 3769 1204 3831 ei
1227 3790 1302 3833 cum

349 3873 471 3955 privato
500 3881 533 3936 et
561 3871 721 3936 rusticano
744 3864 893 3935 'fortasse
929 3868 1046 3949 studio,
1077 3871 1132 3954 qui
1161 3872 1301 3954 publicae

351 3973 546 4037 auctoritatis
567 3972 749 4055 insignibus
771 3970 893 4053 fulget?
924 3972 1051 4035 Ducem
1073 3982 1224 4056 sequatur
1243 3992 1303 4055 po·

350 4076 455 4156 pnlus,
481 4076 594 4139 doctor
619 4075 756 4139 seminet
784 4070 998 4158 disciplinam,
1024 4071 1129 4157 judex
1159 4081 1305 4137 coerceat
1332 4154 1334 4158 .

351 4174 587 4259 delinquentes,
602 4177 762 4243 studiosos
783 4182 963 4241 remuneret
983 4172 1182 4255 indulgentia
1196 4178 1301 4254 potes·
