3309 5309
252 606 396 686 oravi]
598 622 857 668 eosrcnnmcus.
1165 608 1205 667 73

249 773 398 851 donibus,
429 797 468 838 ne
498 774 547 840 cui
578 775 660 838 forte
690 775 774 840 intra
802 772 957 858 gremium
987 773 1050 837 cibi
1080 771 1203 858 aliquid

249 875 417 941 desideret.
471 877 540 941 Alii
570 880 664 941 etiam
695 900 754 963 per
782 875 920 938 inediam
950 875 1084 950 hiantes,
1114 873 1204 938 velut

248 977 352 1041 rabidi
380 1001 483 1058 canes,
512 979 575 1042 huc
605 991 704 1065 atque
734 963 797 1042 huc
826 976 1022 1054 ferebantur,
1048 989 1081 1040 et
1112 977 1204 1062 quasi

248 1077 369 1141 insania
407 1077 545 1163 quadam
576 1079 742 1165 exagitati,
771 1079 803 1142 in
834 1077 959 1142 easdem
990 1076 1112 1156 domos,
1142 1076 1204 1140 sub

249 1195 409 1246 momento
425 1182 587 1265 temporis,
601 1182 718 1246 iterum
733 1204 769 1244 ac
782 1181 899 1267 saepius
914 1179 1088 1244 irruebant.
1126 1181 1203 1242 Om-

248 1285 302 1346 nia
324 1295 429 1347 tamen
452 1283 622 1347 necessitas
645 1284 789 1348 vertebat
814 1282 846 1345 in
873 1281 990 1358 cibum,
1014 1281 1109 1346 etiam
1135 1280 1201 1357 illa,

247 1409 319 1472 quae
345 1408 384 1449 ne
410 1384 507 1449 mutis
537 1385 665 1472 quidem
693 1384 882 1449 animalibus
907 1384 999 1448 edere
1025 1406 1103 1448 usus
1129 1381 1202 1449 fuit.

246 1486 303 1549 Ad
325 1486 474 1550 ultimum
498 1509 537 1550 ne
561 1487 634 1552 loris
656 1487 799 1573 quidem,
814 1486 866 1549 vel
887 1485 1031 1570 cingulis,
1045 1500 1101 1550 aut
1124 1483 1202 1571 ipsis

245 1586 658 1652 calciamentisabstinuere.
695 1589 864 1651 Scutorum
877 1610 1004 1672 quoque
1013 1588 1201 1650 indumenta

245 1689 460 1769 detrahentes,
483 1689 677 1753 conficienda
699 1688 851 1753 dentibus
871 1689 1068 1773 ingerebant.
1113 1689 1201 1751 Non-

244 1790 325 1853 nulli
355 1802 387 1855 et
417 1790 495 1854 foeni
525 1791 641 1855 veteris
669 1791 808 1857 festucas
837 1791 985 1868 edebant,
1013 1789 1068 1856 sed
1098 1803 1130 1854 et
1160 1788 1200 1853 de

244 1893 428 1980 quisquiliis
453 1893 592 1959 collectis
621 1895 845 1981 parvissimum
875 1894 1013 1980 pondus,
1041 1891 1200 1957 drachmis

245 2009 386 2088 quatuor
401 1995 629 2062 distrahebant.

243 2269 322 2354 Cap.
336 2274 365 2332 6.
388 2271 441 2335 De
450 2274 574 2349 Maria,
585 2293 671 2355 quaa,
683 2280 818 2354 urgente
824 2274 928 2357 same,
938 2243 1195 2358 comeditfittitm.

289 2404 356 2469 Suu
379 2406 457 2491 quid
483 2430 565 2493 opus
591 2421 638 2472 est
663 2429 720 2492 per
747 2405 814 2470 haec
841 2405 967 2491 pondus
993 2406 1084 2470 famis
1109 2407 1196 2472 illius

244 2505 420 2589 explicare3
453 2532 550 2594 quum
566 2522 692 2594 gestum
716 2507 756 2572 sit
771 2508 817 2572 ibi
834 2508 969 2584 facinus,
985 2508 1071 2592 quod
1093 2531 1196 2594 neque

242 2608 330 2693 apud
358 2611 501 2688 Graecos,
527 2634 631 2697 neque
658 2610 745 2696 apud
775 2609 938 2689 barbaros,
963 2609 1049 2672 ullus
1074 2611 1195 2694 accepit

241 2710 396 2776 auditus?
434 2713 627 2777 horrendum
664 2711 795 2799 quidem
834 2710 934 2790 dictu,
966 2710 1080 2774 auditu
1120 2735 1195 2776 vero

240 2812 434 2879 incredibile.
481 2814 645 2900 Equidem
667 2814 803 2878 libenter
826 2827 890 2878 tam
913 2812 1049 2875 immane
1071 2812 1195 2879 facinus

239 2915 407 2997 siluissem,
430 2939 470 2980 ne
493 2918 566 3001 quis
588 2939 638 2980 me
661 2916 802 2979 crederet
830 2927 1030 2979 monstruosa
1055 2936 1193 2988 narrare,

238 3017 300 3081 nisi
326 3017 445 3081 multos
471 3018 630 3081 memoriae
660 3030 776 3081 nostrae
803 3017 886 3080 viros
916 3028 1011 3080 testes
1036 3015 1193 3078 commissi

236 3117 366 3184 sceleris
394 3118 586 3182 habuissem.
640 3122 741 3183 Porro
772 3140 847 3180 vero
884 3140 924 3180 ne
953 3115 1075 3202 aliquid
1114 3138 1193 3180 meae

238 3222 359 3285 Patriae
385 3233 537 3307 praestare
564 3245 614 3285 me
643 3221 790 3297 arbitrer,
818 3220 843 3284 si
870 3218 1054 3284 subtraham
1080 3237 1191 3280 eorum

236 3324 346 3404 verba,
369 3345 507 3410 quorum
534 3323 668 3408 pertulit
694 3323 790 3388 facta.
835 3321 956 3386 Mulier
981 3321 1130 3409 quaedam
1151 3344 1191 3384 ex

236 3423 299 3500 his,
316 3447 388 3510 quae
404 3424 489 3487 ultra
511 3424 660 3489 Jordanis
675 3424 802 3488 alveum
818 3424 1068 3499 commanebant,
1086 3422 1192 3486 Maria

236 3526 373 3601 nomine,
386 3524 532 3590 Eleazari
547 3524 623 3607 filia,
634 3525 674 3589 de
691 3526 758 3590 vico
771 3527 973 3604 Hebezobra,
990 3525 1078 3611 quod
1094 3525 1191 3589 inter-

236 3640 384 3715 pretatur
406 3628 522 3692 domus
537 3630 648 3715 Ysopi,
662 3652 777 3714 genere
793 3643 825 3694 et
840 3629 1048 3695 facultatibus
1066 3627 1191 3709 nobilis,

235 3755 311 3795 curn
326 3728 449 3816 reliqua
464 3731 681 3808 multitudine,
694 3755 767 3818 quae
783 3731 991 3811 confluxerat,
1007 3731 1191 3816 Hierosoly-

236 3835 298 3897 mis
327 3845 463 3918 repcrta,
492 3856 691 3897 communem
731 3857 803 3898 cum
833 3834 981 3898 omnibus
1017 3831 1190 3896 obsidionis

235 3958 343 4000 casum
370 3935 501 4001 ferebat.
547 3937 657 4022 Hujus
686 3936 825 4022 reliquas
855 3937 984 4023 quidem
1011 3935 1190 4011 facultates,

235 4059 317 4122 quas
340 4037 435 4100 domo
450 4035 480 4099 in
499 4038 611 4100 urbem
626 4052 827 4112 convexerat,
845 4038 971 4124 tyranni
995 4039 1147 4108 invasere,
1164 4036 1188 4097 si

234 4138 314 4225 quid
332 4162 406 4202 vero
428 4138 635 4225 reliquiarum
652 4164 694 4204 ex
718 4141 840 4223 magnis
855 4142 971 4225 opibus
985 4140 1101 4206 fuerat,
1119 4137 1189 4218 qui-

234 4246 297 4309 bus
311 4243 428 4316 victum
446 4242 666 4327 quotidianum
681 4255 865 4328 pertenuem
880 4243 1021 4314 duceret,
1032 4238 1190 4299 irruentes
