3309 5309
727 645 863 688 Juannrs
881 638 1162 685 sartusussufflusrs
1289 619 1374 697 [utu.
1395 640 1431 683 ll.

576 883 654 965 Cap.
676 885 723 945 la.
747 881 800 943 De
814 881 974 962 speciebus
988 879 1196 951 somniorum,
1212 878 1331 950 causis,

702 985 843 1066 fipurs'a,
857 990 888 1045 et
903 980 1200 1066 siqnificotiom'bus.

520 1123 611 1185 Sunr
634 1131 741 1184 autem
765 1117 874 1183 multae
897 1116 1015 1203 species
1039 1113 1245 1193 somniorum,
1267 1126 1300 1177 et
1324 1113 1433 1178 mtrlti-

476 1223 575 1309 plices
591 1244 707 1297 causae,
722 1234 753 1284 et
770 1220 866 1284 variae
882 1219 1007 1305 figurae,
1023 1232 1054 1282 et
1071 1215 1325 1302 significationes.
1362 1218 1433 1280 Aut

477 1325 559 1389 enirn
581 1325 783 1401 insomnium,
804 1337 861 1387 aut
881 1323 1081 1410 phantasma,
1104 1333 1161 1384 aut
1183 1319 1352 1397 somnium,
1374 1331 1431 1383 aut

479 1425 656 1501 oraculum,
668 1437 723 1489 aut
736 1425 816 1488 visio
831 1438 889 1487 est.
930 1425 1030 1486 Porro
1044 1421 1200 1486 insomnia
1214 1444 1253 1484 ex
1269 1420 1434 1500 ebrietate,

480 1527 529 1590 vel
552 1527 692 1614 crapula,
715 1538 771 1590 aut
794 1526 890 1590 variis
913 1524 1113 1611 passionibus
1134 1522 1285 1608 corporis,
1301 1523 1432 1587 affectu·
1486 1606 1492 1614 ι

480 1653 600 1717 umque
616 1628 819 1705 tumultibus,
835 1641 867 1692 et
883 1627 1025 1713 reliquiis
1039 1626 1269 1712 cogitationum
1285 1626 1432 1712 frequen·

480 1730 598 1796 tissime
613 1731 771 1794 oriuntur.
803 1729 900 1793 Unde
915 1742 946 1792 et
962 1729 1043 1792 male
1059 1727 1142 1793 sanis
1157 1727 1332 1792 amantium
1348 1751 1433 1792 meu·

480 1834 568 1898 tibus
590 1833 745 1896 insomnia
772 1854 936 1917 uunquam
963 1831 1089 1895 desunt.
1140 1831 1234 1908 Quod
1257 1830 1432 1916 prudenter

480 1934 587 1999 innuit
603 1938 714 1999 Maro:

586 2059 666 2110 Anna
677 2075 747 2110 soror
760 2075 817 2127 quae
828 2075 870 2109 me
882 2075 1034 2130 suspensam
1046 2060 1174 2111 insomnia
1184 2062 1300 2112 terrent?

588 2143 675 2196 Multa
686 2145 733 2196 viri
745 2146 826 2197 virtus
839 2147 934 2209 animo,
947 2145 1093 2214 multusque
1106 2152 1220 2199 recursat

587 2229 680 2281 Gentis
691 2230 782 2293 honos,
792 2230 894 2283 baerent
906 2230 981 2283 infixi
993 2239 1096 2302 pectore
1107 2231 1202 2296 vultus,

589 2313 736 2382 Verbaque,
748 2333 794 2366 nec
807 2313 936 2385 placidam
947 2316 1070 2367 membris
1083 2316 1130 2368 dat
1141 2333 1203 2368 cura
1214 2315 1338 2384 quietern.

485 2423 565 2486 Haec
593 2447 721 2509 quoque
747 2420 922 2487 dolentium
946 2436 1002 2486 aut
1027 2423 1249 2509 gaudentium,
1276 2437 1332 2489 aut
1359 2447 1436 2511 quos

484 2524 606 2590 timoris
630 2538 725 2589 vexat
755 2523 914 2610 angustia,
945 2538 1001 2589 aut
1031 2525 1247 2591 immoderatae
1276 2526 1435 2612 cupidinis

485 2628 580 2692 ardor
606 2626 762 2704 accendit,
789 2649 852 2690 non
880 2639 1073 2711 praetereuut
1100 2629 1286 2714 passionem.
1332 2627 1436 2692 Phau-

488 2743 601 2807 tasma,
613 2753 713 2815 quum
727 2753 832 2794 rerum
844 2730 963 2813 ignotae
980 2730 1130 2794 videntur
1142 2731 1271 2815 species,
1283 2730 1438 2816 qualitate

484 2831 534 2895 vel
550 2832 740 2918 quantitate,
751 2846 805 2896 aut
818 2831 958 2917 partium
975 2831 1070 2896 modo
1083 2832 1131 2895 vel
1148 2855 1280 2896 numero
1291 2855 1311 2896 a
1322 2845 1437 2897 natura

484 2932 711 3020 discrepantes,
724 2948 759 2999 ut
771 2934 797 2996 si
812 2934 895 2998 forte
907 2930 991 2997 “riec
1003 2957 1058 3020 pes
1072 2957 1130 2997 nec
1141 2948 1239 3021 caput
1251 2935 1306 2998 uni
1321 2935 1433 3000 redda-

486 3051 540 3100 tur
555 3036 697 3114 formae,’‘
712 3034 789 3102 dum

1045 3143 1139 3190 tetmm

626 3223 731 3276 Desinit
743 3224 770 3275 in
782 3225 879 3294 piscem
891 3223 984 3276 mulier
995 3221 1107 3275 formosa
1118 3240 1236 3294 superne.

485 3335 556 3397 Has
571 3331 700 3416 quidem
718 3333 836 3418 species
851 3357 890 3397 ex
906 3333 1090 3398 infirmitate
1110 3334 1224 3426 mentis
1239 3347 1271 3398 et
1287 3335 1438 3422 corporis,

485 3431 618 3496 tradunt
642 3432 766 3518 physici
793 3439 970 3521 provenire,
994 3458 1167 3522 earumque
1196 3458 1306 3500 causas
1336 3439 1438 3523 magis

487 3532 670 3612 attendunt,
692 3557 788 3619 quam
814 3560 853 3600 ex
878 3541 923 3601 eis
948 3537 1070 3623 aliquas
1096 3538 1352 3624 significationes.
1397 3539 1438 3603 In

488 3658 554 3721 quo
575 3657 690 3718 genere
716 3647 747 3700 et
773 3636 956 3722 ephialtem,
979 3662 1045 3725 quo
1067 3644 1139 3726 quis
1163 3639 1257 3706 variis
1284 3638 1440 3726 pressuris

489 3736 628 3821 quodam
640 3736 732 3822 quasi
747 3736 953 3824 intervigilio,
967 3740 1023 3805 sed
1038 3751 1147 3805 somno
1163 3743 1270 3830 potius
1284 3740 1441 3829 inquieto,

489 3838 622 3923 opinans
637 3860 670 3900 se
689 3836 821 3923 vigilare
843 3863 945 3926 quum
960 3841 1109 3920 dormiat,
1124 3856 1260 3931 putatur
1274 3843 1316 3908 ab
1331 3843 1442 3930 aliquo

488 3937 614 4002 interim
657 3940 864 4025 praegravari,
901 3945 1195 4009 connumerandum
1232 3944 1441 4011 arbitrantur.

489 4043 571 4114 Quae
586 4037 715 4125 quidem
732 4041 839 4104 omnia
857 4042 1051 4107 medicorum
1068 4047 1176 4132 potius
1190 4047 1337 4132 indigent
1351 4070 1441 4125 cura,

489 4165 585 4230 quam
597 4139 802 4205 ventilatione
812 4155 937 4222 nostra3
960 4146 1132 4230 praesertim
1146 4172 1248 4233 quum
1260 4148 1341 4213 nibil
1352 4153 1385 4215 in
1396 4149 1443 4214 eis

488 4267 600 4311 verum
620 4255 784 4329 appareat,
800 4244 859 4308 nisi
882 4246 968 4331 quod
984 4248 1153 4315 verissimae
1178 4263 1250 4315 sunt
1272 4263 1306 4315 et
1326 4251 1442 4316 moles·
