3309 5309
356 674 419 731 250
616 685 751 728 tornius
768 683 1045 726 sanssanmansm
1167 663 1248 742 [cra.
1265 685 1307 727 1v.

356 848 500 900 mentum
523 833 685 908 subsistat,
710 832 788 918 quid
815 833 847 894 in
872 855 910 895 eo
931 831 1049 918 poterit
1072 852 1140 894 esse
1163 830 1306 916 longum,

305 998 308 1004 .
353 957 455 1020 quum
467 957 503 997 ea
512 938 629 1010 omnia,
642 934 667 997 si
676 932 869 1016 colligantur
878 933 910 995 in
921 953 1125 1007 unum,verae
1134 932 1306 998 aeternitati

353 1036 478 1111 collata,
494 1058 551 1099 nec
566 1035 678 1122 puncti
695 1034 823 1120 quidem
846 1033 952 1097 locum
967 1033 1144 1108 obtineant,
1160 1056 1198 1095 eo
1220 1034 1307 1118 quod

354 1136 512 1201 finitorum
541 1137 581 1202 ad
608 1135 733 1200 infinita
755 1135 884 1198 omnino
908 1134 996 1198 nulla
1017 1146 1066 1197 est
1087 1133 1305 1218 comparatio?

354 1239 450 1302 Certe
476 1240 576 1301 centri
602 1236 642 1300 ad
668 1235 827 1323 περιφεςίαν
851 1236 901 1299 vel
928 1233 1226 1314 circumferentiam,
1248 1235 1306 1299 etsi

353 1338 479 1423 exigua,
502 1338 611 1423 aliqua
633 1352 750 1417 tamen,
773 1351 809 1403 ut
836 1337 981 1422 pluribus
1005 1335 1121 1421 placet,
1144 1336 1305 1421 proportio

353 1451 420 1516 est;
450 1439 636 1505 aeternitatis
658 1453 689 1504 et
716 1441 868 1525 temporis
891 1440 988 1504 nulla.
1034 1438 1120 1516 Quid
1143 1461 1221 1523 ergo
1242 1439 1306 1501 lon·

350 1563 429 1624 gum
444 1543 504 1604 erit
520 1541 551 1603 in
566 1565 615 1618 eo,
631 1541 718 1626 quod
735 1555 839 1606 totum
859 1542 955 1605 breve
970 1553 1037 1604 est:
1067 1552 1123 1604 ant
1143 1562 1218 1625 quae
1233 1539 1304 1602 bea·

351 1642 456 1707 titudo
467 1643 619 1729 temporis
633 1644 745 1707 animae
758 1642 918 1707 videbitur
932 1642 1097 1721 diuturna,
1110 1641 1135 1705 si
1151 1663 1188 1703 ea
1203 1641 1304 1704 fidelis

352 1754 384 1806 et
407 1753 561 1829 perpetua
587 1744 703 1822 anima,
724 1755 771 1807 est
794 1742 993 1828 quantolibet
1016 1754 1159 1827 tempore
1183 1764 1307 1805 emenso

351 1844 515 1909 caritura?
554 1845 617 1911 Sed
633 1868 694 1929 ego
708 1848 739 1909 in
757 1844 825 1907 loco
845 1845 918 1920 isto,
935 1857 1091 1908 attamen
1108 1844 1175 1907 sine
1189 1844 1306 1928 praeju·

351 1946 434 2010 dicio
458 1948 622 2012 sententiae
648 1946 786 2010 melioris
813 1946 863 2009 vel
888 1945 1018 2010 sanioris
1042 1944 1164 2008 dictum
1192 1943 1306 2008 intelli-

350 2061 457 2131 gatur,
484 2048 571 2132 longi
598 2048 749 2134 temporis
779 2070 912 2133 regnum
940 2047 1002 2112 dici
1031 2047 1179 2121 arbitror,
1205 2046 1306 2131 ipsius

352 2147 465 2212 animae
488 2149 697 2214 indeficientis
727 2163 866 2230 aetatem,
889 2172 984 2236 quarn
1015 2169 1073 2234 pro
1103 2149 1184 2212 bene
1206 2148 1303 2211 admi-

351 2248 485 2312 nistrato
504 2271 615 2332 regno,
630 2263 758 2313 aeternae
778 2250 986 2316 beatitudinis
1005 2249 1108 2334 gloria
1128 2250 1302 2313 coronabit.

352 2348 460 2423 Quum
474 2347 555 2410 enim
572 2361 694 2412 certum
710 2351 750 2413 sit
766 2350 853 2436 quod
871 2353 960 2414 Deus
975 2349 1193 2414 remunerabit
1208 2372 1304 2435 opera

351 2447 548 2531 singulorum
566 2462 597 2512 et
619 2449 758 2513 omniurn
778 2453 809 2514 in
826 2450 1040 2515 misericordia
1056 2453 1159 2530 uberi,
1176 2451 1224 2515 vel
1236 2453 1305 2538 jus-

350 2549 423 2612 titia
445 2549 597 2633 pleniori;
634 2571 715 2632 quos
737 2549 856 2614 lumine
878 2551 1001 2615 clariori
1026 2555 1183 2637 respiciet,
1208 2575 1301 2636 quam

350 2650 420 2714 illos
449 2651 505 2736 qui
535 2672 643 2714 omnes
672 2651 711 2713 ad
739 2651 900 2736 justitiam
926 2665 1089 2729 exercent,
1117 2653 1167 2716 vel
1197 2676 1300 2717 secum

349 2751 504 2817 traxerint
526 2751 567 2815 ad
591 2757 748 2817 mortem?
787 2753 878 2816 Sicut
898 2776 974 2837 ergo
994 2766 1140 2840 potentes
1155 2767 1301 2840 potenter

350 2865 506 2917 tormenta
527 2853 701 2938 patientur,
721 2854 765 2916 sio
786 2853 971 2938 et‘justitiae
990 2856 1131 2939 praemiis
1150 2856 1299 2920 fruentur

348 2952 486 3037 plenius,
504 2953 529 3016 si
551 2966 636 3017 recte
658 2954 855 3018 exercuerint
880 2967 1098 3039 potentatum;
1124 2968 1158 3019 et
1179 2967 1297 3020 tantam

349 3053 379 3116 in
403 3054 513 3118 futuro
533 3077 599 3140 prae
615 3054 751 3127 subditis
765 3056 929 3119 habebunt
945 3055 1091 3139 gloriam,
1107 3069 1228 3142 quanta
1241 3057 1301 3120 vir-

348 3168 418 3219 tute
438 3178 491 3218 eos
512 3156 544 3218 in
566 3177 680 3241 magna
700 3155 908 3241 delinquendi
923 3155 1050 3221 licentia
1064 3170 1299 3243 praecesserunt.

294 3299 296 3305 -
350 3257 473 3335 Potuit,
489 3258 605 3344 inquit,
627 3259 828 3343 transgredi3
857 3272 889 3323 et
909 3282 970 3322 non
994 3272 1041 3324 est
1062 3273 1297 3346 transgressus;

347 3357 450 3421 facere
476 3359 569 3435 mala,
593 3373 625 3424 et
647 3383 709 3424 non
733 3361 826 3425 fecit:
859 3361 930 3424 ideo
952 3362 1094 3426 stabilita
1116 3375 1191 3428 sunt
1213 3363 1295 3427 bona

348 3457 435 3522 illius
456 3462 487 3522 in
509 3461 657 3526 Domino.
704 3463 753 3527 Ad
770 3462 930 3548 justitiam
946 3486 1084 3548 namque
1099 3464 1297 3551 principibus

347 3570 516 3643 reputatur
530 3561 625 3625 etiam
642 3586 744 3648 quum
760 3576 939 3649 temperant
954 3566 995 3628 ab
1018 3565 1166 3650 injuriis:
1197 3578 1229 3629 et
1251 3565 1297 3627 fa-

347 3658 449 3723 cultas
471 3661 687 3748 delinquendi‚
707 3680 753 3731 est
774 3666 819 3729 eis
841 3665 973 3730 materia
993 3667 1189 3732 meritorum.
1234 3671 1297 3732 De-

347 3761 466 3825 clinare
487 3786 506 3826 a
534 3765 617 3828 malo
645 3765 745 3831 ineis
774 3790 926 3852 magnum
950 3781 1010 3845 est,
1033 3768 1157 3834 etiamsi
1183 3790 1296 3852 magna

346 3862 429 3925 bona
452 3885 512 3926 non
536 3866 667 3948 faciunt,
689 3868 767 3933 dum
791 3882 897 3933 tamen
926 3870 1072 3935 subditos
1096 3870 1296 3956 indulgentia

346 3963 500 4027 malorum
521 3988 584 4028 non
607 3967 772 4051 perimant.
817 3973 931 4035 Nonne
951 3994 1104 4054 magnum
1128 3986 1189 4053 est,
1207 3971 1294 4059 quod

344 4065 550 4130 beatitudinis
562 4089 657 4152 quarn
669 4068 784 4133 babere
795 4071 957 4150 videntur,
966 4071 1011 4136 eis
1026 4073 1051 4137 si
1064 4087 1150 4139 recte
1161 4075 1293 4158 egerint,

345 4167 544 4250 promittitur
559 4168 782 4234 continuatio?
806 4173 1007 4259 Impossibile
1021 4174 1134 4239 dicunt
1150 4175 1292 4262 quidam,

344 4279 375 4330 et
401 4268 453 4332 hie
478 4268 589 4334 florere
612 4293 683 4334 oum
710 4272 840 4351 mundo,
863 4288 895 4339 et
917 4275 950 4337 in
975 4289 1130 4340 aeternum
1155 4277 1294 4362 gaudere
