3309 5309
707 661 936 708 ENTHETICUS·

393 812 457 878 Sed
473 811 622 900 quoniam
638 833 789 876 nummus
803 811 908 876 toxica
922 832 1007 876 saeva
1020 810 1113 897 gerit.

345 914 465 982 Toxica
479 926 666 1002 perpetuam
683 913 823 1001 paritura
838 915 1021 1002 famemque
1036 913 1198 1003 sitimque,

388 1024 434 1084 Et
448 1019 596 1083 miseram
612 1018 722 1096 vitam,
739 1004 850 1083 mortis
865 1028 898 1082 et
912 1039 1008 1082 omne
1022 1039 1134 1102 genus,

346 1119 445 1187 Nulla
459 1120 548 1186 libris
562 1120 625 1185 erit
639 1131 714 1207 apta
728 1142 843 1185 manus
857 1119 1019 1205 ferrugine
1035 1121 1135 1185 tincta
1143 1146 1152 1199 ;

389 1224 461 1289 Nec
475 1235 643 1290 nummata
657 1235 782 1311 queunt
795 1224 892 1288 corda
906 1245 1019 1289 vacare
1033 1223 1132 1292 libris.

345 1326 421 1396 Non
436 1338 484 1392 est
498 1327 646 1413 ejusdem
661 1349 873 1413 nummosque
889 1326 1050 1413 librosque
1064 1326 1210 1413 probare,

391 1429 661 1516 Persequiturque
677 1429 774 1494 libros
787 1452 866 1514 grex
882 1429 1022 1514 Epicure
1038 1440 1121 1494 tuus.

347 1528 436 1612 Ignis
451 1528 592 1592 avaritias
608 1551 707 1615 quum
724 1529 845 1592 ioenum
861 1529 964 1593 carnis
978 1529 1095 1608 adurit,

392 1629 512 1713 Surgit,
528 1639 562 1692 et
575 1638 732 1692 aeternum
748 1627 903 1691 construit
916 1648 1017 1713 usque
1032 1628 1150 1694 locum.

351 1731 472 1798 Omnia
487 1753 586 1817 quum
602 1730 700 1815 possit
714 1751 827 1793 manus
842 1729 1080 1815 omnipotentis,
1095 1753 1198 1797 avarae

388 1835 510 1900 Mentis
524 1843 699 1918 egestatem
715 1853 779 1896 non
795 1830 909 1896 satiare
925 1842 1037 1919 potest.

348 1933 422 2004 Non
438 1934 552 1998 satiare
568 1942 672 2019 potest
685 1954 800 1997 manus
815 1931 1043 2018 omnipotentis
1056 1956 1202 2005 avarumz

390 2036 453 2101 Dic
468 2035 547 2100 mihi
561 2035 632 2122 quis
647 2035 773 2121 poterit,
790 2034 877 2122 quod
891 2036 1004 2121 nequit
1018 2035 1073 2101 illa
1087 2041 1225 2106 manus?

348 2137 465 2210 Nonne
479 2137 554 2202 satis
568 2136 666 2201 miser
681 2146 740 2217 est,
755 2156 853 2222 quem
870 2157 929 2199 nec
946 2135 1036 2200 Deus
1051 2136 1118 2224 ipse
1133 2139 1229 2207 beare

393 2239 542 2314 Sufficit?
564 2239 696 2305 ulterius
711 2239 781 2325 quis
795 2239 893 2303 miser
907 2260 975 2304 esse
991 2241 1119 2325 potest?

347 2343 568 2434 Nummipetae
583 2364 657 2408 cum
672 2341 824 2407 libricolis
839 2355 1005 2428 nequeunt
1019 2344 1114 2409 simul
1129 2369 1197 2414 esse
1210 2376 1217 2416 :

391 2446 525 2523 Ambos,
541 2446 635 2511 orede
651 2445 741 2523 mihi,
758 2468 821 2510 non
838 2446 923 2531 capit
938 2467 1003 2511 una
1017 2446 1142 2514 domus.

348 2549 435 2633 Ergo
450 2570 526 2613 cave
541 2547 683 2626 miseros,
699 2570 759 2612 nec
775 2548 816 2613 ab
831 2547 880 2612 his
895 2546 956 2612 nisi
970 2548 1072 2613 tristia
1086 2573 1210 2638 speres:

392 2650 477 2715 Nam
492 2650 600 2716 miseri
615 2650 727 2727 cultor,
743 2650 815 2739 quis
830 2651 891 2715 nisi
906 2649 1032 2734 stultus,
1047 2652 1131 2720 erit?

348 2753 408 2821 Est
422 2754 554 2842 antiqua
568 2754 674 2835 nimis,
688 2753 784 2818 nimis
798 2763 847 2818 est
861 2753 1020 2818 sententia
1036 2775 1119 2834 vera,

390 2858 498 2933 Quam
514 2857 651 2922 docuere
667 2867 783 2942 patres,
800 2855 925 2920 Ennius
939 2866 1036 2942 atque
1053 2857 1152 2925 Cato:

348 2960 432 3025 Tam
447 2958 533 3046 quod
547 2957 656 3038 habet,
671 2980 767 3045 quam
783 2980 848 3045 quo
863 2970 951 3023 caret
965 2959 1052 3024 omni
1067 2960 1147 3027 defit
1161 2965 1275 3042 amico,

391 3062 549 3146 Occupet,
563 3061 744 3139 occumbat,
760 3083 810 3124 res
824 3060 929 3125 aliena
944 3071 1062 3128 tamen.

347 3171 482 3251 Semper
495 3162 683 3243 abundabit,
697 3162 753 3249 qui
769 3161 864 3226 rebus
880 3162 1003 3227 noverit
1018 3164 1085 3242 uti3

391 3271 438 3334 Et
452 3287 543 3330 mens
556 3263 668 3329 utendi
683 3263 790 3328 nescia
804 3285 931 3348 semper
945 3275 1029 3348 eget.

351 3373 459 3437 Pauca
473 3380 578 3456 potest
591 3366 690 3446 dives,
705 3378 740 3431 et
754 3365 892 3452 plurima
907 3388 1028 3452 pauper
1042 3367 1179 3452 habere3

392 3474 504 3539 Nescit
517 3481 693 3557 egestatem
708 3470 806 3552 dives,
821 3491 942 3554 egenus
956 3492 1042 3557 opes.

348 3574 466 3642 Nullus
480 3573 602 3640 amicus
615 3573 657 3655 ei,
671 3573 727 3660 qui
743 3572 845 3637 multa
860 3572 959 3658 cupit,
972 3595 1033 3637 nec
1048 3574 1169 3642 amicus

393 3681 452 3745 Est
465 3678 536 3755 sibi,
553 3678 605 3743 cui
617 3677 752 3742 nimium
768 3700 818 3742 rea
833 3675 938 3741 aliena
953 3677 1068 3763 placet.

349 3784 384 3850 Si
399 3782 533 3868 cupidus
546 3781 642 3846 fuerit
656 3781 764 3858 hostis,
781 3791 932 3846 caveatur
946 3793 982 3845 ut
997 3780 1104 3860 hostis,

392 3886 426 3950 Si
440 3885 481 3950 sit
494 3884 627 3963 amicus,
642 3906 682 3948 eo
697 3884 818 3948 cautior
833 3906 901 3948 esse
917 3883 1019 3948 stude.

347 3985 462 4054 Jurat?
483 3986 578 4051 crede
594 3984 719 4062 minus3
741 4006 805 4048 non
815 3985 930 4070 jurat?
951 3986 1082 4052 credere
1097 3991 1180 4069 noli;

390 4095 411 4158 J
413 4099 494 4168 uret,
511 4111 573 4153 non
584 4088 685 4173 juret,
700 4087 798 4153 hostis
812 4088 853 4152 ab
869 4089 959 4152 hoste
974 4111 1060 4154 cave.

348 4192 392 4256 Et
406 4192 507 4277 fugias
522 4213 602 4279 quos
616 4189 697 4255 livor
710 4190 797 4254 edax
812 4190 958 4255 felicibus
973 4191 1079 4256 hostes

394 4294 447 4360 Sic
461 4293 547 4371 iacit,
563 4303 601 4356 ut
615 4292 713 4357 virtus
728 4293 857 4357 flectere
873 4292 962 4357 nulla
977 4306 1083 4378 queat,
