3309 5309
345 658 408 717 288
611 667 747 713 JoaNttls
763 665 1042 712 saansaaarausrs
1168 647 1250 727 [ma.
1266 668 1298 712 v.

347 822 376 886 ei
402 818 592 885 abstinentia
616 841 740 883 summa
762 820 916 904 pepercit,
940 829 978 882 ut
1000 840 1040 881 ue
1064 816 1150 881 illam
1170 817 1300 904 quidem

345 924 512 1009 aspexerit.
558 923 630 998 Qua
652 943 726 984 mox
749 919 790 983 ad
811 941 962 1005 sponsum
983 919 1122 999 remissa,
1145 921 1300 983 universa

348 1023 450 1108 gentis
471 1045 528 1108 per
549 1023 609 1087 hoc
635 1022 824 1087 beneficium
848 1020 907 1086 sibi
934 1035 1054 1086 mentes
1076 1020 1299 1086 reconciliavit.

348 1122 399 1188 Sic
410 1122 608 1187 humanitate
623 1144 767 1198 suorum,
779 1120 952 1186 alienorum
968 1122 1090 1186 animos
1105 1121 1166 1186 sibi
1175 1123 1301 1209 justitia

346 1223 500 1288 devinxit.
548 1222 656 1286 Simile
678 1235 724 1287 est
748 1221 837 1308 quod
861 1221 966 1308 Scipio
983 1222 1153 1287 Africanus
1170 1223 1204 1286 in
1226 1223 1301 1288 His-

348 1325 442 1410 pania
455 1324 556 1409 egisse
577 1323 706 1409 legitur,
721 1326 773 1388 cui
795 1346 897 1409 quum
912 1322 1002 1410 virgo
1025 1323 1140 1390 nobilis
1160 1323 1299 1388 omnium

347 1430 380 1492 in
399 1450 432 1490 se
447 1425 568 1491 decoris
591 1425 798 1490 admiratione
818 1439 1006 1491 convertens
1029 1426 1150 1505 oculos,
1164 1426 1302 1491 adducta

348 1543 440 1604 esset,
456 1551 524 1594 eam
540 1551 655 1614 sponso
669 1528 796 1592 nomine
811 1526 918 1592 Alicio
937 1528 1090 1606 reddidit,
1105 1528 1258 1614 adjiciens
1271 1542 1301 1593 et

348 1653 473 1711 aurum,
488 1630 574 1716 quod
590 1643 736 1717 parentes
751 1629 782 1693 in
797 1629 1046 1716 redemptionem
1067 1630 1203 1717 captivae
1218 1644 1302 1696 attu-

348 1735 462 1809 lerant,
477 1746 511 1797 ut
527 1745 607 1797 esset
624 1731 740 1817 virgini
754 1732 785 1796 in
802 1731 923 1812 dotem,
937 1746 994 1796 aut
1009 1736 1124 1797 marito
1139 1732 1171 1795 iu
1187 1755 1304 1797 munus

349 1831 502 1919 nuptiale.
548 1836 663 1939 Itan-ue
693 1830 864 1918 multiplici
893 1832 1128 1918 magnificentia
1158 1834 1304 1897 universa

349 1957 428 2020 gens
443 1934 537 2007 victa,
551 1956 623 2020 quae
638 1932 721 1998 forte
735 1932 812 1997 alias
823 1956 949 1999 cessura
963 1956 1026 1998 non
1038 1934 1156 2012 luerat,
1167 1933 1303 2000 Romani

350 2035 475 2122 imperii
491 2035 611 2122 populo
626 2034 766 2099 accessit.
810 2034 960 2101 Camillio
975 2036 1117 2101 Faliscos
1136 2035 1304 2116 obsidenti,

351 2140 502 2223 magister
517 2137 585 2201 ludi
602 2136 717 2201 liberos
733 2136 930 2201 Faliscorum
954 2150 1104 2224 tanquam
1120 2137 1304 2202 ambulandi

351 2261 456 2317 causa,
471 2252 563 2302 extra
578 2261 707 2302 murum
728 2238 870 2317 eductos,
886 2238 1031 2318 tradidit,
1047 2238 1155 2303 dicens
1177 2239 1305 2305 retentis

350 2339 525 2416 obsidibus,
551 2338 723 2416 civitatem,
753 2340 927 2405 necessario
955 2341 1112 2406 facturam
1141 2341 1304 2428 imperata.

352 2439 506 2507 Camillus
532 2462 608 2504 vero
630 2462 691 2504 non
715 2441 815 2506 solum
839 2443 959 2529 sprevit
982 2443 1159 2530 perfidiam,
1183 2443 1237 2508 sed
1260 2466 1305 2506 re-

352 2542 470 2606 strictis
480 2540 628 2606 manibus
639 2554 711 2627 post
724 2555 823 2627 terga,
838 2546 1026 2628 magistrum
1039 2545 1140 2628 virgis
1148 2543 1303 2631 agendum

352 2644 393 2709 ad
420 2659 566 2731 parentes
592 2644 699 2729 pueris
725 2643 870 2722 tradidit,
896 2644 1033 2731 adeptus
1062 2646 1217 2710 beneficio
1245 2645 1306 2709 vie-

352 2746 479 2822 toriam,
495 2768 591 2832 quam
608 2745 722 2809 fraude
742 2768 803 2810 non
820 2747 1038 2833 concupierat.
1083 2751 1168 2813 Nam
1191 2745 1305 2810 Falisci

353 2847 395 2912 ob
410 2847 491 2911 hanc
505 2846 664 2933 justitiam
681 2862 793 2934 sponte
808 2869 841 2912 se
861 2847 1060 2914 dediderunt.
1104 2849 1207 2914 Extat
1229 2869 1304 2935 quo·

354 2971 418 3034 que
441 2946 583 3034 ejusdem
609 2945 735 3013 Camilli
759 2968 821 3009 non
843 2945 1014 3030 ignobilior
1029 2945 1153 3012 titulus.
1199 2948 1303 3023 Quum

354 3049 438 3113 enim
462 3060 532 3134 post
555 3049 700 3114 subactas
726 3047 870 3113 civitates
896 3061 927 3112 et
956 3048 1137 3134 triumphos
1160 3049 1306 3132 insignes,

353 3150 500 3215 militaris
514 3172 628 3214 manus
642 3148 762 3213 invidia
777 3150 946 3227 concitata,
962 3149 1133 3215 damnatus
1147 3163 1180 3215 et
1195 3149 1307 3236 expul-

354 3275 408 3317 sus
422 3264 503 3316 esset
518 3252 657 3330 civitate,
672 3251 761 3339 quasi
780 3251 892 3337 praeda
906 3251 1066 3318 communi
1089 3251 1231 3339 iniquius
1245 3252 1306 3316 dis·

354 3352 493 3418 tributa:
525 3353 721 3418 irruentibus
745 3353 923 3419 Senonibus
946 3353 1048 3419 Gallis
1073 3353 1106 3418 in
1129 3354 1251 3430 urbem,
1274 3365 1306 3417 et

354 3453 509 3516 Romanis
519 3453 687 3517 undecimo
696 3453 843 3518 milliario
854 3453 945 3519 vietis
954 3453 1170 3540 apudllumen
1181 3453 1306 3531 Alliam,

353 3575 410 3618 nee
425 3553 457 3618 in
473 3554 542 3640 ipsa
558 3556 636 3620 urbe
656 3555 828 3642 quiequam
844 3569 961 3642 praeter
976 3556 1171 3642 Capitolium
1190 3553 1306 3619 servari

353 3668 469 3740 posset,
483 3669 514 3722 et
530 3658 590 3724 hoc
605 3682 684 3723 auro
699 3658 786 3738 dato,
797 3672 833 3723 ut
847 3658 933 3722 Galli
949 3657 1144 3740 recederent,
1156 3657 1308 3724 Camillus

353 3752 448 3816 etiam
480 3754 614 3840 ingratae
644 3757 840 3843 compatiens
870 3756 993 3842 patriae,
1024 3756 1150 3821 eosdem
1181 3756 1307 3835 cecidit,
1361 3807 1364 3816 .

354 3874 469 3917 aurum
484 3856 629 3934 abstulit,
639 3859 859 3923 Romanorum
871 3858 994 3945 aquilas
1006 3859 1190 3943 reportavit.
1215 3858 1308 3924 Unde

354 3955 385 4018 in
413 3970 503 4018 sexto
530 3956 666 4042 Virgilii,
693 3958 776 4024 inter
805 3974 936 4026 caeteros
961 3960 1122 4026 AEneadas
1147 3960 1308 4047 praediscit

356 4058 472 4120 AEneas

599 4164 754 4218 referentem
767 4168 843 4236 signa
856 4168 1005 4222 Camillum.

357 4263 474 4348 Itaque
490 4262 530 4327 ab
545 4258 641 4326 exilio
663 4275 841 4346 revocatus,
855 4265 949 4328 tertio
972 4263 1175 4349 triumphans
1198 4263 1308 4328 urbem
