3309 5309
355 682 425 726 cae.
442 664 527 743 xrv.]
712 679 965 726 nonvcnarrcus.
1247 669 1310 727 ula

352 854 418 894 ram
434 835 652 917 loquerentur,
668 831 712 894 ita
727 830 904 916 rescripsit:
930 831 979 893 Mi
995 830 1115 906 Tiberi,
1131 829 1194 893 noli
1211 832 1304 895 nimis

351 931 524 1016 indignari,
539 952 732 1016 quemquam
754 953 820 994 esse
842 931 962 1015 quide
985 943 1016 995 te
1040 931 1121 993 male
1142 932 1302 1015 loquatur.

353 1035 438 1099 Satis
461 1046 508 1098 est
532 1033 615 1096 enim
641 1034 667 1098 si
694 1033 754 1096 hoc
775 1033 940 1111 habemus,
963 1033 1073 1117 nequis
1095 1032 1187 1095 nobis
1208 1032 1303 1094 male-

351 1135 455 1198 facere
484 1135 594 1220 pomit.
651 1134 741 1197 Idem
777 1147 867 1198 tanta
900 1135 1048 1198 comitate
1081 1133 1240 1219 quoslibet
1270 1157 1303 1196 se

350 1237 505 1302 adeuntes
533 1237 722 1322 excipiebat,
754 1250 791 1301 ut
825 1236 985 1322 quendam
1016 1238 1197 1299 Romanum
1227 1237 1303 1321 joco

350 1339 553 1424 corripuerit,
566 1338 654 1424 quod
669 1338 713 1401 sic
726 1337 786 1402 sibi
803 1337 946 1400 libellum
956 1340 1117 1422 porrigere
1128 1350 1302 1413 vereretur,

352 1440 444 1523 quasi
468 1439 637 1526 elephanto
661 1439 785 1524 stipem.
831 1442 876 1504 Et
900 1450 1054 1522 quantum
1083 1439 1169 1501 Nero
1193 1438 1303 1501 adula-

352 1541 495 1604 tionibus
516 1556 629 1625 captus
650 1555 709 1616 est,
732 1553 857 1605 tantum
881 1540 941 1602 iste
962 1540 1004 1603 ab
1026 1540 1073 1603 eis
1095 1562 1225 1604 aversus
1244 1554 1302 1604 est.

351 1641 448 1704 Unde
463 1642 704 1727 appellationem
720 1641 852 1714 domini,
869 1652 906 1702 ut
921 1638 1124 1702 maledictum
1139 1652 1172 1702 et
1186 1663 1302 1724 oppro-

350 1741 469 1817 brium,
486 1764 608 1827 semper
622 1741 799 1805 exhorruit.
844 1740 993 1823 Denique
1013 1761 1114 1824 quum
1129 1739 1231 1802 eidem
1247 1741 1301 1803 de·

351 1842 513 1905 scendenti
528 1867 584 1928 per
594 1866 714 1906 sacram
725 1846 820 1919 viam,
829 1841 1016 1926 desperatus
1027 1840 1158 1926 quidam
1169 1840 1299 1914 diceret,

353 1943 543 2028 Otyranne3
563 1945 595 2007 Si
607 1966 720 2019 essem,
731 1943 848 2029 inquit,
861 1965 923 2006 non
935 1943 1064 2006 diceres.
1088 1942 1301 2005 Observatum

350 2046 467 2108 etenim
483 2057 541 2125 est,
556 2049 704 2132 quotiens
722 2045 962 2129 ingrediebatur
983 2044 1105 2120 urbem,
1121 2067 1160 2107 ne
1182 2043 1304 2129 suppli·

351 2146 436 2210 cium
449 2147 490 2209 de
501 2170 661 2232 quoquam
674 2161 860 2212 sumeretur.
885 2147 1019 2212 Curtius
1029 2169 1126 2232 eques
1137 2150 1301 2211 Romanus

351 2248 470 2312 delitiis
485 2251 630 2335 affluens,
644 2273 745 2335 quum
762 2273 903 2314 macrum
920 2249 1051 2314 turdum
1067 2249 1251 2335 sumpsisset
1266 2248 1301 2311 in

352 2349 498 2413 convivio
527 2351 674 2430 Caesaris,
702 2352 911 2435 interrogavit
939 2373 979 2413 an
1014 2351 1140 2415 mittere
1169 2351 1298 2422 liceret;

351 2449 514 2534 respondit
544 2451 702 2536 princeps,
728 2452 848 2529 Quidni
875 2451 990 2514 liceat?
1026 2451 1083 2514 llle
1109 2454 1217 2514 statim
1243 2473 1300 2534 per

350 2549 519 2613 fenestram
532 2551 626 2618 misit.
657 2551 753 2616 Miles
765 2553 888 2638 peritus
902 2551 1042 2635 aucupii,
1054 2564 1214 2627 noctuam,
1225 2573 1302 2634 quae

351 2651 486 2715 Caesaris
515 2667 623 2717 noctes
652 2654 896 2739 inquietaverat,
922 2652 982 2735 'spe
1010 2651 1148 2734 ingentis
1177 2652 1301 2734 praemii

349 2763 474 2837 captam
491 2754 567 2817 tulit
582 2753 621 2816 ad
640 2757 808 2816 Caesarem.
856 2751 1003 2815 Laudato
1019 2752 1199 2835 Imperator
1214 2751 1301 2815 mille

350 2874 498 2916 nummos
520 2854 589 2917 dari
607 2853 714 2940 jussit.
758 2859 802 2918 At
824 2853 877 2917 ille
898 2875 994 2916 ausus
1013 2865 1061 2915 est
1082 2851 1197 2931 dicere,
1212 2850 1302 2915 Malo

346 2952 445 3033 vivat,
470 2977 625 3040 avemque
650 2954 780 3019 dimisit.
826 2952 978 3038 Abiitque
1007 2965 1178 3017 contumax
1208 2951 1299 3017 miles

347 3075 410 3116 non
435 3057 502 3117 sine
524 3053 731 3118 admiratione
753 3054 940 3131 multorum,
957 3055 1063 3115 Caesar
1086 3075 1148 3115 nou
1170 3052 1298 3116 offenso.

348 3155 527 3217 Veteranus
539 3175 638 3236 quum
651 3153 710 3216 sibi
723 3153 774 3216 die
785 3153 874 3217 dicto
882 3152 1126 3238 periclitaretur,
1140 3155 1298 3217 Caesarem

347 3254 475 3340 rogavit
496 3253 537 3317 iu·
550 3255 678 3341 publico
698 3267 734 3318 ut
759 3255 900 3318 adesset:
928 3253 981 3316 ille
1003 3253 1300 3339 praestantissimum

347 3354 552 3431 advocatum,
568 3377 663 3439 quem
680 3358 828 3438 elegerat,
844 3354 910 3416 sine
925 3375 1012 3416 mora
1027 3353 1127 3433 dedit,
1141 3376 1300 3418 commen·

347 3455 501 3540 davitque
515 3457 543 3518 ei
559 3456 762 3541 litigatorem.
799 3459 975 3519 Veteranus
990 3468 1096 3518 autem
1112 3456 1300 3522 exclamavit

348 3579 425 3620 voce
441 3579 576 3642 magna:
600 3563 642 3622 At
657 3580 718 3620 non
734 3580 806 3642 ego,
822 3558 941 3632 Caesar,
958 3555 1154 3641 periclitante
1170 3571 1201 3621 te
1216 3558 1300 3622 bello

346 3657 489 3736 Actiaco,
512 3658 663 3721 vicarium
686 3658 831 3744 quaesivi,
853 3658 907 3720 sed
930 3679 990 3742 pro
1012 3671 1043 3721 te
1058 3657 1126 3744 ipse
1146 3661 1298 3745 pugnavi,

345 3757 708 3845 detexitqueimpressas
718 3760 887 3823 cicatrices.
917 3758 1056 3823 Erubuit
1067 3762 1185 3837 Caesar,
1196 3765 1298 3826 venit·

347 3859 456 3941 quein
480 3859 727 3940 advocationem,
743 3874 778 3925 ut
798 3861 853 3946 qui
874 3874 1037 3925 vereretur
1057 3883 1118 3923 non
1140 3864 1299 3947 superbus

348 3972 484 4040 tantum,
499 3963 552 4026 sed
569 3966 663 4027 etiam
678 3964 824 4046 ingratus
841 3964 949 4027 videri.
989 3965 1169 4028 Intraverat
1187 3969 1297 4028 urbem

347 4061 527 4126 adolescens
539 4062 715 4128 simillimus
726 4068 857 4146 Caesari,
869 4067 1123 4150 perductumque
1139 4065 1179 4127 ad
1193 4068 1298 4127 Caesa·

346 4185 412 4226 rem
428 4163 634 4248 interrogavit
651 4170 835 4249 Augustus:
863 4167 923 4230 Dic
939 4168 1016 4229 mihi
1031 4167 1222 4236 adolescens,
1238 4163 1299 4227 fuit

347 4285 490 4349 unquam
503 4280 602 4330 mater
614 4279 670 4330 tua
680 4270 814 4330 Romae?
841 4267 978 4349 Negavit
991 4266 1055 4340 ille,
1066 4286 1121 4326 nec
1134 4275 1302 4340 contentus
