3309 5309
223 663 293 708 ore.
308 645 411 724 xxm]
559 661 812 708 rorrcaarroos.
1109 650 1177 710 119

223 823 261 878 ut
269 812 320 878 sit.
350 811 475 877 Deinde
487 824 522 876 tu
535 813 603 898 ipse
614 823 705 897 potes
715 812 890 898 providisse
902 812 1020 877 bonum
1033 812 1177 897 aliquod,

222 913 311 1000 quod
332 913 416 978 forte
441 913 588 977 futurum
612 925 659 978 est
686 913 817 991 bonum,
836 926 868 978 et
892 925 997 998 potest
1019 936 1082 976 non
1107 913 1176 977 fore
1277 916 1279 919 ’

222 1016 363 1087 bonum
398 1026 431 1079 et
452 1013 536 1078 idem
559 1027 650 1100 potes
671 1036 733 1078 non
760 1014 937 1101 providisse
959 1015 1090 1089 bonum,
1113 1037 1177 1078 non

222 1117 300 1203 quia
314 1114 417 1203 possis
431 1138 494 1180 non
514 1117 703 1202 providisse,
717 1116 805 1202 quod
825 1116 1005 1203 providisti,
1023 1115 1078 1179 sed
1102 1120 1178 1200 quia

223 1229 330 1303 potest
344 1238 407 1279 non
422 1215 542 1280 bonum
563 1239 640 1292 esse,
656 1216 743 1301 quod
759 1216 941 1301 providisti.
987 1218 1071 1280 Item
1087 1230 1178 1303 potes

224 1317 306 1404 quid
329 1317 506 1402 promisisse
529 1317 579 1380 vel
600 1316 773 1402 stipulatus
793 1341 860 1382 esse
880 1317 1014 1398 utiliter,
1028 1318 1179 1406 idemque

224 1433 318 1506 potes
331 1441 394 1483 non
409 1419 600 1503 promisisse,
615 1431 672 1483 aut
687 1442 749 1482 non
766 1419 939 1505 stipulatus
954 1443 1020 1485 esse
1035 1421 1176 1497 utiliter,

225 1523 314 1608 quod
326 1537 429 1588 tamen
439 1522 611 1609 promisisti
623 1522 672 1586 vel
682 1521 855 1607 stipulatus
865 1546 908 1597 es,
919 1545 980 1586 non
990 1523 1180 1609 promisisse,

226 1636 366 1689 autnon
387 1625 560 1711 stipulatus
580 1648 647 1688 esse
669 1648 732 1688 non
756 1636 857 1709 potes.
902 1626 1073 1704 Praeterca,
1088 1638 1123 1690 tu
1146 1626 1179 1688 in

226 1724 364 1791 fundum
389 1726 663 1811 Sempronianum,
679 1723 770 1788 illum
793 1724 905 1810 quite
929 1728 1086 1811 sequitur,
1101 1747 1182 1809 prae·

229 1826 371 1907 cessisti3
400 1828 471 1891 etsi
486 1827 583 1890 alium
597 1825 795 1912 praecessisti,
812 1837 843 1890 te
855 1827 937 1891 alius
952 1839 1009 1890 aut
1025 1838 1183 1913 sequutus

228 1939 289 2008 est,
303 1939 360 1991 aut
382 1927 538 2015 sequitur,
553 1940 611 1991 aut
634 1939 798 2012 sequetur.
843 1931 953 2002 Quum
976 1950 1054 2012 ergo
1076 1950 1183 1992 conse·

229 2028 359 2114 quentis
379 2029 527 2093 evacuari
541 2029 641 2116 possit
655 2043 801 2106 eventuS,
817 2028 1032 2094 antecedentis
1052 2053 1183 2116 quoque

231 2131 349 2196 veritas
363 2145 468 2218 potest
482 2132 645 2212 infirmari,
661 2144 698 2195 ut
712 2145 745 2196 et
761 2146 797 2197 tu
817 2132 873 2218 qui
888 2153 1105 2218 praecesseras,
1119 2155 1183 2196 non

229 2235 424 2318 praecessisse
439 2234 547 2320 possis.
579 2236 651 2312 Quo
667 2247 770 2299 tamen
783 2234 944 2319 ingressus
959 2257 1003 2312 es,
1015 2257 1078 2298 non
1094 2249 1185 2321 potes

230 2358 294 2400 uon
310 2335 407 2403 fuisse
422 2337 591 2420 ingressus,
601 2359 705 2423 neque
721 2337 808 2424 quod
820 2337 942 2402 factum
954 2350 1002 2402 est
1013 2360 1186 2402 connume-

230 2437 294 2503 rari
317 2451 422 2525 potest
444 2440 580 2517 insectis,
596 2462 699 2525 neque
721 2439 807 2525 quod
832 2439 999 2524 praeteriit,
1014 2463 1053 2504 ne
1075 2440 1185 2514 fuerit,

231 2544 352 2626 poterit
377 2544 526 2606 revocari.
572 2543 612 2605 In
637 2541 686 2605 his
709 2544 792 2606 enim
815 2543 965 2605 omnibus
986 2563 1059 2626 quae
1081 2554 1187 2605 mente

231 2655 395 2729 concepta,
411 2645 461 2708 vel
472 2644 578 2710 verbis
593 2664 753 2728 expressa,
767 2642 817 2705 vel
827 2654 901 2707 actu
917 2642 1075 2728 completa
1090 2655 1188 2707 trans-

231 2743 350 2825 ierunt,
365 2768 426 2809 non
447 2758 592 2831 possunt,
606 2767 664 2808 nec
684 2753 837 2830 poterunt
858 2742 973 2807 exinde
994 2766 1057 2807 non
1079 2743 1188 2824 fuisse,

231 2845 292 2909 etsi
307 2844 415 2931 qualia
429 2846 540 2909 futura
557 2861 656 2918 erant,
669 2844 747 2908 dum
762 2842 872 2906 eadem
888 2842 937 2906 sui
953 2855 1069 2908 natura
1083 2857 1189 2910 certus

231 2969 296 3011 non
319 2948 389 3011 fixit
416 2958 557 3023 eventus,
574 2946 700 3009 valeant
723 2967 786 3008 non
811 2944 921 3010 fuisse.
960 2945 1092 3010 Talium
1114 2969 1190 3011 vero

230 3047 428 3114 clauduntur
449 3045 572 3111 ambitu
594 3048 713 3126 omnia,
727 3069 800 3133 quae
822 3047 1046 3132 cujuscunque
1067 3048 1191 3131 generis

230 3147 429 3215 imminentis
449 3147 660 3232 appellatione
681 3147 887 3229 clauduntur,
909 3148 984 3212 licet
1005 3148 1192 3214 familiarius

232 3251 276 3317 ad
292 3249 517 3337 quantitatem,
533 3262 589 3314 aut
605 3249 646 3312 ad
661 3249 795 3336 aliquid,
805 3262 862 3314 aut
878 3251 919 3316 ad
935 3251 1103 3338 quodlibet
1117 3252 1193 3316 alio-

234 3376 309 3419 rum
324 3353 513 3418 naturaliter
528 3352 738 3440 applicentur.
770 3352 856 3430 Quid
868 3376 945 3439 ergo
959 3355 1087 3433 mirum,
1099 3356 1124 3420 si
1139 3355 1194 3420 ille

235 3458 295 3545 qui
317 3459 423 3521 omnia
445 3469 563 3544 potest,
586 3469 618 3521 et
641 3479 715 3542 quae
737 3453 900 3541 praevidit,
923 3478 986 3520 non
1008 3457 1191 3542 praevidisse

232 3570 360 3644 potest,
381 3581 483 3644 quum
499 3569 621 3622 constet
634 3556 708 3620 fidei
720 3555 809 3641 quod
824 3579 863 3620 ea
878 3580 949 3641 quoe
965 3562 1103 3643 praevisa
1115 3572 1190 3625 sunt

232 3682 298 3724 non
313 3661 439 3724 evenire
460 3672 606 3746 possunt,
626 3670 658 3723 et
680 3680 755 3743 quae
776 3680 839 3720 non
862 3659 998 3745 praevisa
1019 3673 1105 3742 sunt,
1119 3686 1192 3748 pos·

235 3776 310 3827 sunt
326 3762 463 3841 evenire,
473 3785 531 3825 nec
546 3775 651 3825 tamen
667 3761 747 3824 citra
762 3773 966 3846 conspectum
983 3763 1192 3848 providentiae

237 3865 365 3930 valeant
396 3865 530 3928 evenire.
587 3866 647 3928 Ait
677 3862 760 3926 enirn
790 3864 923 3928 Esaias:
965 3865 997 3928 Si
1029 3866 1193 3932 volueritis

237 3968 402 4032 ambulare
423 3966 457 4030 in
480 3965 649 4052 praeceptis
673 3967 763 4043 meis,
782 3979 815 4030 et
839 3965 1004 4031 audieritis
1029 3992 1089 4048 me,
1110 3970 1193 4032 bona

237 4081 332 4134 terrae
354 4069 536 4135 comedetis.
581 4067 677 4142 Quod
699 4067 725 4133 si
747 4067 924 4145 nolueritis,
945 4082 977 4132 et
997 4092 1047 4132 me
1069 4069 1109 4131 ad
1133 4070 1192 4131 ira-

238 4171 388 4235 cundiam
417 4170 663 4246 concitaveritis,
682 4169 810 4254 gladius
836 4170 1005 4232 devorabit
1028 4193 1095 4244 vos,
1118 4169 1194 4252 quia

243 4294 278 4334 os
293 4271 423 4336 Domini
441 4271 580 4337 locutum
604 4283 662 4335 est.
709 4274 792 4333 Ecce
810 4271 885 4353 quia
905 4269 1041 4333 liberum
1065 4269 1116 4331 hic
1132 4292 1194 4332 ser-
