3309 5309
355 668 418 727 308
618 683 754 728 solinus
771 681 1047 726 sanssnsnmnsm
1180 663 1263 742 [sia.
1279 686 1309 729 v,

350 832 492 919 judicem
515 833 637 918 populi,
658 834 753 896 sicet
775 832 913 897 ministri
933 833 1013 918 ejus,
1028 846 1060 896 et
1082 832 1187 918 qualis
1209 846 1310 898 rector

355 947 403 998 est
418 933 568 1011 civitatis,
584 933 664 998 tales
679 947 710 997 et
727 933 944 998 inhabitantes
959 933 990 998 in
1007 957 1053 998 ea.
1099 936 1164 1000 Sed
1180 948 1213 999 et
1230 936 1310 998 vires

353 1039 543 1100 necessarias
568 1060 646 1113 esse,
673 1060 735 1101 non
764 1036 874 1112 tacuit,
897 1037 1023 1101 diceus:
1063 1036 1140 1100 Noli
1167 1060 1310 1122 quaerere

350 1137 453 1224 judex
470 1138 548 1219 fieri,
564 1138 622 1202 nisi
643 1138 750 1203 valeas
771 1138 892 1202 virtute
912 1141 1089 1224 irrumpere
1109 1139 1309 1224 iniquitates,

353 1263 394 1304 ue
403 1240 485 1304 forte
495 1241 683 1306 extimescas
694 1240 805 1303 faciem
817 1241 1006 1325 potentis‚et
1017 1262 1116 1324 ponas
1126 1240 1309 1305 scandalum

352 1341 386 1406 in
401 1341 543 1424 agilitate
560 1356 624 1407 tua.
666 1346 740 1406 Non
757 1364 869 1427 pecces
884 1342 917 1404 in
934 1340 1143 1406 multitudine
1158 1343 1308 1419 civitatis,

353 1467 410 1509 nec
433 1457 464 1508 te
486 1443 639 1508 immittas
661 1443 692 1507 in
716 1447 885 1530 populum,
910 1466 1013 1528 neque
1035 1443 1147 1526 alliges
1168 1443 1309 1530 duplicia

352 1559 494 1631 peccata,
507 1567 564 1609 nec
579 1547 663 1610 enim
677 1545 709 1609 in
722 1568 787 1610 uno
802 1544 864 1608 eris
879 1544 1039 1610 immunis.
1085 1544 1160 1608 Noli
1173 1568 1240 1609 esse
1252 1567 1309 1630 pu-

351 1646 514 1713 sillanimis
525 1647 558 1710 in
573 1648 677 1713 anima
692 1661 759 1724 tua,
771 1669 903 1712 exorare
913 1659 944 1711 et
960 1647 1062 1710 facere
1073 1645 1305 1732 eleemosynam

351 1772 414 1813 non
441 1748 604 1835 despicias.
651 1750 700 1813 Ne
726 1749 815 1813 dicas
841 1748 873 1811 in
903 1747 1109 1813 multitudine
1136 1771 1304 1813 munerum

352 1872 496 1914 meorum
512 1852 659 1936 respiciet
676 1854 775 1928 Deus,
788 1862 819 1914 et
836 1849 987 1914 offerente
1002 1871 1052 1913 me
1068 1853 1140 1914 Deo
1154 1849 1308 1915 altissimo

353 1976 486 2017 munera
512 1976 582 2017 mea
609 1955 770 2039 suscipiet.
821 1953 898 2016 Non
931 1951 1063 2016 irrideas
1089 1952 1249 2016 hominem
1276 1954 1307 2017 in

353 2055 566 2119 amaritudine
586 2057 711 2135 animae,
726 2069 772 2120 est
791 2054 874 2118 enim
898 2053 952 2140 qui
973 2051 1121 2117 humiliat
1136 2065 1168 2118 et
1190 2054 1307 2119 exaltat

350 2155 597 2240 circumspector
628 2160 725 2223 Deus.
771 2161 825 2221 Ex
857 2156 907 2220 his
937 2154 1083 2238 diligenti
1114 2153 1226 2219 lectori
1256 2180 1307 2221 oc·

350 2269 467 2334 curret,
480 2258 566 2340 quod
578 2259 725 2323 voluntas
740 2258 815 2322 boni
828 2281 891 2321 non
903 2257 1008 2321 miuus
1018 2256 1122 2342 judici
1134 2259 1308 2322 necessaria

350 2368 408 2431 est,
434 2377 528 2441 quam
553 2358 678 2438 notitia,
701 2359 751 2423 vel
766 2371 920 2444 potestas,
944 2380 1043 2443 quum
1060 2378 1124 2422 non
1152 2358 1249 2422 modo
1268 2359 1306 2423 de

351 2455 427 2533 suis,
440 2455 494 2518 sed
511 2479 550 2520 ex
563 2457 672 2522 alienis
684 2458 808 2523 delictis
824 2471 982 2538 teneatur,
995 2471 1026 2522 et
1039 2457 1161 2544 duplici
1177 2479 1307 2523 suorum

349 2569 381 2621 et
395 2556 529 2622 aliorum
545 2573 710 2645 prematur
725 2583 831 2637 onere,
847 2573 884 2624 ut
900 2560 1000 2623 necin
1018 2558 1227 2623 multitudine
1242 2583 1307 2626 mu·

349 2679 462 2722 nerum
483 2659 562 2723 citra
580 2660 768 2725 munditiam
791 2660 967 2724 voluntatis
989 2657 1029 2723 sit
1052 2658 1081 2721 ei
1101 2656 1221 2722 fiducia
1235 2673 1306 2723 ante

349 2761 466 2824 Deum.
513 2760 609 2823 Unde
630 2774 661 2825 et
683 2760 776 2824 Plato
792 2761 920 2845 egregie
935 2759 1064 2845 quidem
1080 2772 1113 2822 et
1128 2758 1305 2826 luculenter

352 2861 392 2941 (si
413 2872 517 2924 tamen
541 2862 702 2943 audiatur)
724 2885 789 2937 eos,
809 2862 866 2948 qui
889 2862 929 2925 de
954 2861 1142 2946 reipublicae
1167 2861 1305 2948 gerendo

349 2962 537 3047 magistratu
553 2964 760 3038 contendunt,
777 2967 823 3029 ita
839 2963 922 3028 inter
938 2986 970 3026 se
993 2963 1112 3025 versari
1129 2963 1252 3040 asserit,
1269 2976 1304 3027 ut

349 3066 375 3127 si
387 3077 494 3129 nautae
507 3065 567 3130 sub
579 3065 714 3129 adversa
725 3077 914 3151 tempestate
927 3065 1101 3140 decertent,
1112 3067 1186 3149 quis
1197 3087 1303 3129 eorum

348 3163 547 3248 potissimum
569 3165 683 3229 debeat
703 3166 893 3250 gubernare.
941 3165 979 3226 In
1007 3186 1073 3248 quo
1088 3164 1229 3229 fortunae
1244 3164 1304 3228 cal·

349 3265 432 3341 culo,
454 3280 510 3331 aut
530 3267 649 3347 nullus,
670 3283 726 3332 ant
748 3290 849 3347 rarus,
864 3266 1013 3351 idemque
1038 3267 1225 3331 temerarius
1246 3281 1303 3341 est,

350 3366 406 3450 qui
422 3368 488 3431 sine
503 3382 571 3432 arte
586 3382 616 3432 et
634 3369 754 3433 viribus
769 3368 915 3432 vendicet
932 3367 1166 3451 magistratum.
1211 3369 1256 3432 Et
1273 3369 1301 3430 in

349 3468 530 3553 ecquidem
553 3482 695 3552 tempore
716 3469 794 3533 nihil
817 3467 1027 3532 miserabilius
1046 3468 1125 3547 vidi,
1140 3491 1238 3553 quam
1248 3470 1301 3552 ju·

349 3567 434 3634 dices
457 3572 594 3637 scientiae
617 3573 695 3657 legis
717 3572 854 3657 ignaros,
873 3572 966 3635 bonae
986 3570 1162 3636 voluntatis
1184 3570 1301 3650 inanes,

348 3691 427 3752 quos
443 3674 601 3738 convincit
617 3697 704 3738 amor
720 3694 888 3737 muncrum
904 3685 936 3736 et
951 3672 1213 3751 retributionum,
1227 3685 1259 3737 et
1269 3670 1301 3736 id

348 3770 463 3831 virium
480 3774 565 3856 quod
588 3775 706 3839 habent
726 3774 756 3837 in
780 3772 934 3859 obsequio
949 3773 1103 3848 avaritiae,
1124 3772 1300 3858 jactantiae,

348 3880 402 3932 aut
425 3871 527 3932 carnis
552 3885 584 3935 et
611 3873 773 3957 sanguinis
798 3886 991 3949 exercenteS,
1015 3886 1047 3937 et
1073 3895 1093 3935 a
1120 3872 1301 3937 necessitate

347 3971 533 4032 sacramenti
554 3971 688 4054 legitimi
708 3974 881 4038 absolutos.
927 3975 980 4035 Ex
1002 3995 1066 4058 quo
1087 3972 1219 4059 planum
1242 3986 1300 4049 est,

346 4071 1299 4161 principesquieisordinariamjurisdictionemcontulerunt,

341 4171 423 4253 juris
445 4197 511 4237 esse
536 4174 663 4259 ignaros
689 4178 738 4238 vel
764 4188 1006 4261 contemptores.
1053 4174 1117 4238 Sed
1143 4174 1298 4264 quicquid

344 4282 385 4345 de
407 4276 521 4361 peritia
537 4277 621 4362 juris
644 4277 795 4354 dicamus,
818 4289 875 4341 aut
896 4276 937 4338 de
960 4276 1082 4339 viribus
1105 4275 1296 4362 exequendi,
