3309 5309
347 676 410 734 ‘218
595 688 731 733 rolucus
746 687 1027 732 saansuuaruusrs
1157 669 1300 749 [n1a.1v.

349 838 416 912 Qui
438 861 513 902 vero
538 861 607 902 eam
634 852 780 924 usurpat,
800 839 878 924 jura
903 837 1064 924 deprimit,
1088 850 1120 901 et
1143 837 1301 901 voluntati

347 964 414 1004 suae
434 940 520 1024 leges
541 939 714 1004 submittit.
759 943 797 1004 In
820 962 893 1004 euin
914 962 991 1022 ergo
1006 940 1120 1003 merito
1134 951 1300 1002 armantur

342 1043 431 1126 jura,
447 1042 503 1126 qui
519 1040 605 1125 leges
624 1054 778 1119 exarmat,
793 1055 824 1106 et
848 1041 977 1127 publica
999 1053 1140 1125 potestas
1155 1042 1247 1105 saevit
1269 1041 1299 1102 in

348 1166 434 1219 eum,
443 1144 504 1230 gui
516 1165 670 1207 evacuare
679 1142 794 1207 nititur
806 1142 965 1229 publicam
979 1163 1119 1205 manum.
1143 1143 1188 1206 Et
1200 1143 1301 1227 quum

347 1245 449 1308 multa
464 1246 527 1308 sint
546 1244 677 1309 crimina
692 1244 878 1330 majestatis,
895 1244 1016 1309 nullum
1040 1245 1172 1328 gravius
1189 1257 1238 1308 est
1252 1267 1300 1320 eo,

348 1347 434 1432 quod
450 1347 600 1410 adversus
615 1349 721 1431 ipsum
737 1368 854 1432 corpus
864 1347 1002 1429 justitiae
1017 1359 1191 1410 exercetur.
1234 1348 1300 1430 Ty·

348 1449 454 1512 rannis
468 1471 544 1532 ergo
560 1471 622 1511 non
643 1448 738 1512 modo
761 1448 927 1533 publicum
952 1451 1081 1527 crimen,
1098 1446 1166 1522 sed,
1182 1445 1208 1509 si
1231 1445 1298 1509 fieri

347 1564 462 1634 posset,
489 1550 562 1635 plus
587 1573 682 1636 quam
710 1550 873 1636 publicum
900 1562 959 1612 est.
1009 1549 1041 1612 Si
1070 1549 1153 1612 enim
1181 1549 1297 1611 crimen

347 1654 522 1738 majestatis
533 1677 641 1717 omnes
653 1665 897 1739 persequutores
908 1651 1060 1731 admittit,
1069 1665 1192 1736 quanto
1201 1648 1300 1734 magis

347 1753 438 1832 illud,
455 1757 541 1842 quod
558 1755 642 1840 leges
657 1756 783 1841 premit,
801 1777 874 1839 quae
890 1753 968 1840 ipsis
989 1753 1106 1817 debent
1129 1752 1299 1837 imperato·

347 1856 437 1920 ribus
451 1859 629 1943 imperare?
660 1859 755 1921 Certe
771 1857 893 1920 hostem
908 1855 1073 1942 publicum
1091 1876 1184 1917 nemo
1207 1853 1295 1917 ulcis·

347 1958 443 2035 citur,
455 1971 487 2021 et
502 1961 650 2044 quisquis
661 1981 733 2023 eum
750 1981 811 2021 non
828 1958 1041 2043 persequitur,
1051 1956 1083 2018 in
1101 1955 1253 2040 seipsum,
1265 1965 1294 2016 et

349 2058 381 2120 in
398 2072 500 2125 totum
517 2059 701 2147 reipublicae
716 2060 885 2124 mundanae
900 2080 1016 2143 corpus
1031 2055 1199 2141 delinquit.

627 2538 768 2601 LIBER
791 2539 1016 2610 QUARTUS.

732 2737 912 2782 PROLOGUS.

391 2866 511 2927 Annua
531 2862 660 2947 quidem
685 2884 734 2926 res
755 2875 815 2939 est,
831 2861 987 2948 professio
1007 2861 1162 2938 veritatis,
1178 2876 1210 2926 et
1226 2884 1293 2946 qua

347 2960 579 3026 incursantibus
601 2984 743 3024 errorum
767 2962 917 3042 tenebris,
931 2975 987 3026 aut
1011 2961 1205 3046 negligentia
1226 2984 1293 3047 pro·

347 3060 466 3126 fiteutis
491 3061 745 3148 frequentissima
772 3063 916 3126 vitiatur.
964 3063 1051 3140 Quid
1077 3063 1163 3127 enirn
1189 3083 1293 3127 verum

346 3162 397 3237 sit,
424 3163 497 3249 quis
522 3176 606 3227 recte
632 3165 791 3227 examinat
816 3163 912 3226 rebus
936 3164 1131 3247 incognitis?
1175 3163 1295 3228 Notitia

346 3275 452 3327 autem
469 3286 585 3344 rerum,
600 3288 638 3327 eo
659 3264 746 3349 quod
763 3263 828 3327 vias
851 3287 911 3327 noa
934 3265 1045 3348 dirigit
1061 3266 1293 3349 contemptoris,

342 3363 479 3448 justitiae
505 3365 630 3430 aculeos
658 3365 826 3429 exacerbat
856 3368 888 3428 in
918 3387 1046 3451 poeuam
1075 3364 1294 3452 delinquentis.

349 3464 410 3526 Est
425 3486 501 3546 ergo
517 3467 638 3549 primus
649 3467 896 3552 philosophandi
910 3467 1038 3550 gradus,
1049 3489 1167 3552 genera
1180 3488 1294 3542 rerum,

348 3564 622 3650 proprietatesque
648 3567 818 3643 discutere,
850 3584 887 3632 ut
914 3567 1068 3653 quicquid
1098 3568 1131 3630 in
1165 3565 1296 3653 singulis

348 3685 459 3726 verum
475 3665 527 3742 sit,
538 3666 712 3751 prudenter
726 3681 886 3751 agnoscat.
916 3667 1093 3747 Secundus,
1108 3681 1144 3733 ut
1161 3669 1294 3754 quisque

348 3762 381 3826 id
392 3765 639 3852 veritatis,qnod
651 3767 680 3829 ei
688 3767 841 3845 illuxerit,
851 3766 986 3832 fideliter
995 3781 1192 3853 assequatur.
1217 3770 1295 3831 Haec

347 3880 454 3931 autem
471 3866 761 3954 philosophantium
779 3882 890 3947 strata,
905 3868 951 3933 illi
967 3869 1025 3934 soli
1041 3871 1152 3955 pervia
1166 3885 1225 3946 est,
1241 3868 1294 3956 qui

347 3971 387 4034 de
401 3992 500 4055 regno
515 3968 662 4032 vanitatis
676 3967 851 4054 proclamat
872 3971 903 4034 in
920 3970 1110 4052 libertatem,
1125 3995 1192 4058 qua
1204 3969 1292 4037 liberi

348 4073 441 4152 liunt,
467 4092 546 4156 quos
572 4069 687 4132 veritas
717 4069 875 4149 liberavit,
903 4085 935 4135 et
962 4071 1090 4157 spiritui
1117 4073 1292 4148 servientes,

347 4171 426 4235 colla
437 4172 519 4257 jugo
535 4167 711 4253 iniquitatis
726 4183 757 4233 et
772 4167 939 4256 injustitia*
954 4171 1191 4238 subduxerunt.
1232 4168 1291 4237 Ubi

348 4274 430 4336 enirn
458 4271 589 4358 spiritus
617 4270 687 4350 Dei,
713 4272 758 4335 ibi
785 4271 936 4347 libertas3
970 4287 1139 4357 metusque
1166 4271 1293 4350 servilis,
