<?xml version="1.0" encoding="UTF-8"?>
<!DOCTYPE html PUBLIC "-//W3C//DTD XHTML 1.0 Transitional//EN"
    "http://www.w3.org/TR/xhtml1/DTD/xhtml1-transitional.dtd">
<html xmlns="http://www.w3.org/1999/xhtml" xml:lang="en" lang="en">
 <head>
  <title>
</title>
<meta http-equiv="Content-Type" content="text/html;charset=utf-8" />
  <meta name='ocr-system' content='tesseract 3.04.00' />
  <meta name='ocr-capabilities' content='ocr_page ocr_carea ocr_par ocr_line ocrx_word'/>
</head>
<body>
  <div class='ocr_page' id='page_1' title='image "./joannissaresber04johngoog_0110.png"; bbox 0 0 3309 5309; ppageno 0'>
   <div class='ocr_carea' id='block_1_1' title="bbox 352 637 1305 716">
    <p class='ocr_par' dir='ltr' id='par_1_1' title="bbox 352 637 1305 716">
     <span class='ocr_line' id='line_1_1' title="bbox 352 637 1305 716; baseline -0.002 -12"><span class='ocrx_word' id='word_1_1' title='bbox 352 648 392 704; x_wconf 82' lang='grc'><strong>94</strong></span> <span class='ocrx_word' id='word_1_2' title='bbox 611 657 746 702; x_wconf 75' lang='lat' dir='ltr'><strong>toauurs</strong></span> <span class='ocrx_word' id='word_1_3' title='bbox 764 656 1043 701; x_wconf 74' lang='lat' dir='ltr'><strong>sanssuuurnusrs</strong></span> <span class='ocrx_word' id='word_1_4' title='bbox 1168 637 1249 716; x_wconf 79' lang='lat' dir='ltr'><strong>[um.</strong></span> <span class='ocrx_word' id='word_1_5' title='bbox 1268 656 1305 702; x_wconf 82' lang='grc' dir='ltr'><strong>ιι.</strong></span> 
     </span>
    </p>
   </div>
   <div class='ocr_carea' id='block_1_2' title="bbox 349 807 1306 2094">
    <p class='ocr_par' dir='ltr' id='par_1_2' title="bbox 349 807 1306 2094">
     <span class='ocr_line' id='line_1_2' title="bbox 352 807 1304 896; baseline -0.004 -21"><span class='ocrx_word' id='word_1_6' title='bbox 352 833 435 875; x_wconf 93' lang='lat' dir='ltr'><strong>nunc</strong></span> <span class='ocrx_word' id='word_1_7' title='bbox 449 810 649 896; x_wconf 77' lang='lat' dir='ltr'><strong>praesidentis</strong></span> <span class='ocrx_word' id='word_1_8' title='bbox 665 807 864 871; x_wconf 85' lang='lat' dir='ltr'><strong>miseratione</strong></span> <span class='ocrx_word' id='word_1_9' title='bbox 875 809 1009 893; x_wconf 88' lang='lat' dir='ltr'><strong>rejectos</strong></span> <span class='ocrx_word' id='word_1_10' title='bbox 1024 809 1056 871; x_wconf 93' lang='lat' dir='ltr'><strong>in</strong></span> <span class='ocrx_word' id='word_1_11' title='bbox 1073 830 1172 871; x_wconf 91' lang='lat' dir='ltr'><strong>cunas</strong></span> <span class='ocrx_word' id='word_1_12' title='bbox 1183 809 1304 894; x_wconf 91' lang='lat' dir='ltr'><strong>reponi.</strong></span> 
     </span>
     <span class='ocr_line' id='line_1_3' title="bbox 353 909 1304 992; baseline -0.002 -16"><span class='ocrx_word' id='word_1_13' title='bbox 353 914 433 992; x_wconf 82' lang='lat' dir='ltr'><strong>Quis</strong></span> <span class='ocrx_word' id='word_1_14' title='bbox 463 912 511 976; x_wconf 86' lang='lat' dir='ltr'><strong>rel</strong></span> <span class='ocrx_word' id='word_1_15' title='bbox 541 934 645 975; x_wconf 90' lang='lat' dir='ltr'><strong>coecus</strong></span> <span class='ocrx_word' id='word_1_16' title='bbox 676 909 735 973; x_wconf 88' lang='lat' dir='ltr'><strong>boc</strong></span> <span class='ocrx_word' id='word_1_17' title='bbox 765 910 996 974; x_wconf 89' lang='lat' dir='ltr'><strong>ludificantium</strong></span> <span class='ocrx_word' id='word_1_18' title='bbox 1027 910 1210 975; x_wconf 88' lang='lat' dir='ltr'><strong>daemonum</strong></span> <span class='ocrx_word' id='word_1_19' title='bbox 1240 933 1304 974; x_wconf 87' lang='lat' dir='ltr'><strong>non</strong></span> 
     </span>
     <span class='ocr_line' id='line_1_4' title="bbox 354 1011 1304 1098; baseline -0.003 -20"><span class='ocrx_word' id='word_1_20' title='bbox 354 1014 459 1078; x_wconf 87' lang='lat' dir='ltr'><strong>videat</strong></span> <span class='ocrx_word' id='word_1_21' title='bbox 474 1037 541 1078; x_wconf 90' lang='lat' dir='ltr'><strong>esse</strong></span> <span class='ocrx_word' id='word_1_22' title='bbox 556 1012 755 1098; x_wconf 85' lang='lat' dir='ltr'><strong>nequitiam?</strong></span> <span class='ocrx_word' id='word_1_23' title='bbox 787 1011 882 1089; x_wconf 88' lang='lat' dir='ltr'><strong>Quod</strong></span> <span class='ocrx_word' id='word_1_24' title='bbox 906 1016 956 1077; x_wconf 87' lang='lat' dir='ltr'><strong>vel</strong></span> <span class='ocrx_word' id='word_1_25' title='bbox 979 1035 1018 1076; x_wconf 87' lang='lat' dir='ltr'><strong>ex</strong></span> <span class='ocrx_word' id='word_1_26' title='bbox 1034 1035 1072 1076; x_wconf 86' lang='lat' dir='ltr'><strong>eo</strong></span> <span class='ocrx_word' id='word_1_27' title='bbox 1092 1025 1194 1097; x_wconf 89' lang='lat' dir='ltr'><strong>patet,</strong></span> <span class='ocrx_word' id='word_1_28' title='bbox 1215 1011 1304 1098; x_wconf 92' lang='lat' dir='ltr'><strong>quod</strong></span> 
     </span>
     <span class='ocr_line' id='line_1_5' title="bbox 353 1111 1304 1197; baseline -0.001 -19"><span class='ocrx_word' id='word_1_29' title='bbox 353 1114 548 1178; x_wconf 81' lang='lat' dir='ltr'><strong>mulierculis</strong></span> <span class='ocrx_word' id='word_1_30' title='bbox 562 1127 594 1176; x_wconf 89' lang='lat' dir='ltr'><strong>et</strong></span> <span class='ocrx_word' id='word_1_31' title='bbox 610 1113 685 1176; x_wconf 87' lang='lat' dir='ltr'><strong>viris</strong></span> <span class='ocrx_word' id='word_1_32' title='bbox 701 1112 945 1197; x_wconf 80' lang='lat' dir='ltr'><strong>simplicioribus</strong></span> <span class='ocrx_word' id='word_1_33' title='bbox 967 1129 997 1178; x_wconf 89' lang='lat' dir='ltr'><strong>et</strong></span> <span class='ocrx_word' id='word_1_34' title='bbox 1019 1111 1250 1178; x_wconf 85' lang='lat' dir='ltr'><strong>infirmioribus</strong></span> <span class='ocrx_word' id='word_1_35' title='bbox 1272 1113 1304 1177; x_wconf 91' lang='lat' dir='ltr'><strong>in</strong></span> 
     </span>
     <span class='ocr_line' id='line_1_6' title="bbox 351 1211 1306 1300; baseline -0.005 -19"><span class='ocrx_word' id='word_1_36' title='bbox 351 1216 426 1296; x_wconf 85' lang='lat' dir='ltr'><strong>fide,</strong></span> <span class='ocrx_word' id='word_1_37' title='bbox 439 1215 501 1280; x_wconf 91' lang='lat' dir='ltr'><strong>ista</strong></span> <span class='ocrx_word' id='word_1_38' title='bbox 523 1213 723 1300; x_wconf 88' lang='lat' dir='ltr'><strong>proveniunt.</strong></span> <span class='ocrx_word' id='word_1_39' title='bbox 770 1212 802 1276; x_wconf 91' lang='lat' dir='ltr'><strong>Si</strong></span> <span class='ocrx_word' id='word_1_40' title='bbox 824 1214 1092 1300; x_wconf 88' lang='lat' dir='ltr'><strong>veroquisquam</strong></span> <span class='ocrx_word' id='word_1_41' title='bbox 1115 1235 1225 1278; x_wconf 87' lang='lat' dir='ltr'><strong>eorum</strong></span> <span class='ocrx_word' id='word_1_42' title='bbox 1248 1211 1306 1299; x_wconf 90' lang='lat' dir='ltr'><strong>qui</strong></span> 
     </span>
     <span class='ocr_line' id='line_1_7' title="bbox 351 1314 1303 1400; baseline -0.005 -19"><span class='ocrx_word' id='word_1_43' title='bbox 351 1316 412 1381; x_wconf 91' lang='lat' dir='ltr'><strong>hac</strong></span> <span class='ocrx_word' id='word_1_44' title='bbox 434 1316 578 1380; x_wconf 89' lang='lat' dir='ltr'><strong>illusione</strong></span> <span class='ocrx_word' id='word_1_45' title='bbox 600 1314 776 1390; x_wconf 81' lang='lat' dir='ltr'><strong>laborabat,</strong></span> <span class='ocrx_word' id='word_1_46' title='bbox 798 1315 839 1379; x_wconf 92' lang='lat' dir='ltr'><strong>ab</strong></span> <span class='ocrx_word' id='word_1_47' title='bbox 862 1314 970 1400; x_wconf 92' lang='lat' dir='ltr'><strong>aliquo</strong></span> <span class='ocrx_word' id='word_1_48' title='bbox 992 1327 1182 1385; x_wconf 80' lang='lat' dir='ltr'><strong>constanter,</strong></span> <span class='ocrx_word' id='word_1_49' title='bbox 1206 1326 1238 1377; x_wconf 90' lang='lat' dir='ltr'><strong>et</strong></span> <span class='ocrx_word' id='word_1_50' title='bbox 1264 1336 1303 1377; x_wconf 85' lang='lat' dir='ltr'><strong>ex</strong></span> 
     </span>
     <span class='ocr_line' id='line_1_8' title="bbox 352 1415 1304 1504; baseline -0.002 -23"><span class='ocrx_word' id='word_1_51' title='bbox 352 1419 450 1503; x_wconf 87' lang='lat' dir='ltr'><strong>signis</strong></span> <span class='ocrx_word' id='word_1_52' title='bbox 481 1417 642 1504; x_wconf 86' lang='lat' dir='ltr'><strong>aliquibus</strong></span> <span class='ocrx_word' id='word_1_53' title='bbox 674 1430 841 1503; x_wconf 85' lang='lat' dir='ltr'><strong>arguatur,</strong></span> <span class='ocrx_word' id='word_1_54' title='bbox 871 1417 1064 1481; x_wconf 88' lang='lat' dir='ltr'><strong>daemonium</strong></span> <span class='ocrx_word' id='word_1_55' title='bbox 1103 1415 1211 1480; x_wconf 88' lang='lat' dir='ltr'><strong>statim</strong></span> <span class='ocrx_word' id='word_1_56' title='bbox 1248 1428 1304 1479; x_wconf 90' lang='lat' dir='ltr'><strong>aut</strong></span> 
     </span>
     <span class='ocr_line' id='line_1_9' title="bbox 352 1516 1306 1604; baseline -0.002 -23"><span class='ocrx_word' id='word_1_57' title='bbox 352 1532 534 1604; x_wconf 87' lang='lat' dir='ltr'><strong>superatur,</strong></span> <span class='ocrx_word' id='word_1_58' title='bbox 546 1533 602 1584; x_wconf 85' lang='lat' dir='ltr'><strong>aut</strong></span> <span class='ocrx_word' id='word_1_59' title='bbox 619 1518 714 1598; x_wconf 88' lang='lat' dir='ltr'><strong>cedit,</strong></span> <span class='ocrx_word' id='word_1_60' title='bbox 725 1530 757 1581; x_wconf 90' lang='lat' dir='ltr'><strong>et</strong></span> <span class='ocrx_word' id='word_1_61' title='bbox 773 1530 810 1582; x_wconf 90' lang='lat' dir='ltr'><strong>ut</strong></span> <span class='ocrx_word' id='word_1_62' title='bbox 822 1518 952 1593; x_wconf 92' lang='lat' dir='ltr'><strong>dicitur,</strong></span> <span class='ocrx_word' id='word_1_63' title='bbox 965 1540 1003 1581; x_wconf 88' lang='lat' dir='ltr'><strong>ex</strong></span> <span class='ocrx_word' id='word_1_64' title='bbox 1020 1541 1085 1604; x_wconf 91' lang='lat' dir='ltr'><strong>qno</strong></span> <span class='ocrx_word' id='word_1_65' title='bbox 1099 1516 1171 1602; x_wconf 90' lang='lat' dir='ltr'><strong>quis</strong></span> <span class='ocrx_word' id='word_1_66' title='bbox 1186 1519 1219 1580; x_wconf 91' lang='lat' dir='ltr'><strong>in</strong></span> <span class='ocrx_word' id='word_1_67' title='bbox 1235 1516 1306 1581; x_wconf 88' lang='lat' dir='ltr'><strong>luce</strong></span> 
     </span>
     <span class='ocr_line' id='line_1_10' title="bbox 351 1619 1303 1707; baseline -0.001 -24"><span class='ocrx_word' id='word_1_68' title='bbox 351 1624 510 1707; x_wconf 83' lang='lat' dir='ltr'><strong>arguitur,</strong></span> <span class='ocrx_word' id='word_1_69' title='bbox 532 1633 655 1684; x_wconf 86' lang='lat' dir='ltr'><strong>cessant</strong></span> <span class='ocrx_word' id='word_1_70' title='bbox 680 1642 777 1705; x_wconf 88' lang='lat' dir='ltr'><strong>opera</strong></span> <span class='ocrx_word' id='word_1_71' title='bbox 803 1619 1016 1684; x_wconf 86' lang='lat' dir='ltr'><strong>tenebrarum.</strong></span> <span class='ocrx_word' id='word_1_72' title='bbox 1063 1619 1175 1704; x_wconf 88' lang='lat' dir='ltr'><strong>Hujus</strong></span> <span class='ocrx_word' id='word_1_73' title='bbox 1196 1632 1303 1684; x_wconf 90' lang='lat' dir='ltr'><strong>autem</strong></span> 
     </span>
     <span class='ocr_line' id='line_1_11' title="bbox 351 1720 1304 1809; baseline -0.004 -21"><span class='ocrx_word' id='word_1_74' title='bbox 351 1723 448 1809; x_wconf 84' lang='lat' dir='ltr'><strong>pestis</strong></span> <span class='ocrx_word' id='word_1_75' title='bbox 462 1746 540 1788; x_wconf 88' lang='lat' dir='ltr'><strong>cura</strong></span> <span class='ocrx_word' id='word_1_76' title='bbox 554 1722 765 1787; x_wconf 86' lang='lat' dir='ltr'><strong>efficacissima</strong></span> <span class='ocrx_word' id='word_1_77' title='bbox 785 1738 844 1798; x_wconf 87' lang='lat' dir='ltr'><strong>est,</strong></span> <span class='ocrx_word' id='word_1_78' title='bbox 860 1734 898 1785; x_wconf 90' lang='lat' dir='ltr'><strong>ut</strong></span> <span class='ocrx_word' id='word_1_79' title='bbox 920 1721 1015 1784; x_wconf 90' lang='lat' dir='ltr'><strong>fidem</strong></span> <span class='ocrx_word' id='word_1_80' title='bbox 1038 1722 1112 1807; x_wconf 92' lang='lat' dir='ltr'><strong>quis</strong></span> <span class='ocrx_word' id='word_1_81' title='bbox 1126 1720 1304 1808; x_wconf 88' lang='lat' dir='ltr'><strong>amplexus,</strong></span> 
     </span>
     <span class='ocr_line' id='line_1_12' title="bbox 349 1821 1304 1909; baseline -0.002 -21"><span class='ocrx_word' id='word_1_82' title='bbox 349 1824 400 1889; x_wconf 90' lang='lat' dir='ltr'><strong>bis</strong></span> <span class='ocrx_word' id='word_1_83' title='bbox 422 1824 594 1890; x_wconf 87' lang='lat' dir='ltr'><strong>mendaciis</strong></span> <span class='ocrx_word' id='word_1_84' title='bbox 616 1823 784 1887; x_wconf 89' lang='lat' dir='ltr'><strong>subtrahat</strong></span> <span class='ocrx_word' id='word_1_85' title='bbox 811 1821 925 1887; x_wconf 92' lang='lat' dir='ltr'><strong>mentis</strong></span> <span class='ocrx_word' id='word_1_86' title='bbox 947 1823 1105 1900; x_wconf 90' lang='lat' dir='ltr'><strong>auditum,</strong></span> <span class='ocrx_word' id='word_1_87' title='bbox 1128 1835 1160 1887; x_wconf 89' lang='lat' dir='ltr'><strong>et</strong></span> <span class='ocrx_word' id='word_1_88' title='bbox 1187 1845 1304 1909; x_wconf 86' lang='lat' dir='ltr'><strong>nequa-</strong></span> 
     </span>
     <span class='ocr_line' id='line_1_13' title="bbox 349 1925 1303 2013; baseline -0.003 -21"><span class='ocrx_word' id='word_1_89' title='bbox 349 1950 446 2012; x_wconf 91' lang='lat' dir='ltr'><strong>quam</strong></span> <span class='ocrx_word' id='word_1_90' title='bbox 473 1926 620 2013; x_wconf 86' lang='lat' dir='ltr'><strong>respiciat</strong></span> <span class='ocrx_word' id='word_1_91' title='bbox 645 1926 685 1989; x_wconf 93' lang='lat' dir='ltr'><strong>ad</strong></span> <span class='ocrx_word' id='word_1_92' title='bbox 712 1925 896 2012; x_wconf 89' lang='lat' dir='ltr'><strong>hujusmodi</strong></span> <span class='ocrx_word' id='word_1_93' title='bbox 924 1926 1079 1991; x_wconf 89' lang='lat' dir='ltr'><strong>vanitates</strong></span> <span class='ocrx_word' id='word_1_94' title='bbox 1106 1941 1137 1990; x_wconf 91' lang='lat' dir='ltr'><strong>et</strong></span> <span class='ocrx_word' id='word_1_95' title='bbox 1168 1925 1303 1990; x_wconf 84' lang='lat' dir='ltr'><strong>insanias</strong></span> 
     </span>
     <span class='ocr_line' id='line_1_14' title="bbox 350 2029 454 2094; baseline -0.019 -1"><span class='ocrx_word' id='word_1_96' title='bbox 350 2029 454 2094; x_wconf 86' lang='lat' dir='ltr'><strong>falsas.</strong></span> 
     </span>
    </p>
   </div>
   <div class='ocr_carea' id='block_1_3' title="bbox 351 2303 1306 2592">
    <p class='ocr_par' dir='ltr' id='par_1_3' title="bbox 351 2303 1306 2592">
     <span class='ocr_line' id='line_1_15' title="bbox 351 2303 1306 2385; baseline 0 -19"><span class='ocrx_word' id='word_1_97' title='bbox 351 2304 430 2385; x_wconf 87' lang='lat' dir='ltr'><strong>Cap.</strong></span> <span class='ocrx_word' id='word_1_98' title='bbox 452 2307 499 2365; x_wconf 85' lang='grc'><strong>18.</strong></span> <span class='ocrx_word' id='word_1_99' title='bbox 523 2303 575 2365; x_wconf 88' lang='lat' dir='ltr'><strong>De</strong></span> <span class='ocrx_word' id='word_1_100' title='bbox 585 2303 807 2385; x_wconf 67' lang='lat' dir='ltr'><strong>flandumonto</strong></span> <span class='ocrx_word' id='word_1_101' title='bbox 830 2305 1080 2381; x_wconf 74' lang='lat' dir='ltr'><strong>Mathematicae,</strong></span> <span class='ocrx_word' id='word_1_102' title='bbox 1103 2311 1134 2367; x_wconf 85' lang='lat' dir='ltr'><strong>et</strong></span> <span class='ocrx_word' id='word_1_103' title='bbox 1155 2305 1306 2366; x_wconf 63' lang='lat' dir='ltr'><strong>mantio</strong></span> 
     </span>
     <span class='ocr_line' id='line_1_16' title="bbox 393 2405 1304 2489; baseline 0.001 -23"><span class='ocrx_word' id='word_1_104' title='bbox 393 2424 557 2477; x_wconf 77' lang='lat' dir='ltr'><strong>sensuum,</strong></span> <span class='ocrx_word' id='word_1_105' title='bbox 573 2409 604 2467; x_wconf 89' lang='lat' dir='ltr'><strong>et</strong></span> <span class='ocrx_word' id='word_1_106' title='bbox 617 2405 741 2467; x_wconf 77' lang='lat' dir='ltr'><strong>uiribus</strong></span> <span class='ocrx_word' id='word_1_107' title='bbox 754 2408 886 2482; x_wconf 80' lang='lat' dir='ltr'><strong>animae,</strong></span> <span class='ocrx_word' id='word_1_108' title='bbox 902 2413 934 2468; x_wconf 83' lang='lat' dir='ltr'><strong>et</strong></span> <span class='ocrx_word' id='word_1_109' title='bbox 955 2407 1098 2489; x_wconf 86' lang='lat' dir='ltr'><strong>prosectu</strong></span> <span class='ocrx_word' id='word_1_110' title='bbox 1113 2407 1259 2482; x_wconf 73' lang='lat' dir='ltr'><strong>rationis,</strong></span> <span class='ocrx_word' id='word_1_111' title='bbox 1274 2411 1304 2468; x_wconf 80' lang='lat' dir='ltr'><strong>et</strong></span> 
     </span>
     <span class='ocr_line' id='line_1_17' title="bbox 393 2507 1004 2592; baseline 0 -20"><span class='ocrx_word' id='word_1_112' title='bbox 393 2507 534 2592; x_wconf 61' lang='lat' dir='ltr'><strong>efficacia</strong></span> <span class='ocrx_word' id='word_1_113' title='bbox 550 2507 730 2572; x_wconf 81' lang='lat' dir='ltr'><strong>liberalium</strong></span> <span class='ocrx_word' id='word_1_114' title='bbox 746 2508 1004 2590; x_wconf 76' lang='lat' dir='ltr'><strong>disciplinarum.</strong></span> 
     </span>
    </p>
   </div>
   <div class='ocr_carea' id='block_1_4' title="bbox 340 2643 1303 4358">
    <p class='ocr_par' dir='ltr' id='par_1_4' title="bbox 340 2643 1303 4358">
     <span class='ocr_line' id='line_1_18' title="bbox 394 2643 1302 2708; baseline 0 -2"><span class='ocrx_word' id='word_1_115' title='bbox 394 2644 513 2707; x_wconf 79' lang='lat' dir='ltr'><strong>Possm</strong></span> <span class='ocrx_word' id='word_1_116' title='bbox 528 2643 650 2708; x_wconf 89' lang='lat' dir='ltr'><strong>utinam</strong></span> <span class='ocrx_word' id='word_1_117' title='bbox 668 2656 734 2708; x_wconf 86' lang='lat' dir='ltr'><strong>tam</strong></span> <span class='ocrx_word' id='word_1_118' title='bbox 750 2643 842 2707; x_wconf 87' lang='lat' dir='ltr'><strong>facile</strong></span> <span class='ocrx_word' id='word_1_119' title='bbox 865 2643 1160 2707; x_wconf 88' lang='lat' dir='ltr'><strong>matbematicorum</strong></span> <span class='ocrx_word' id='word_1_120' title='bbox 1176 2667 1263 2708; x_wconf 86' lang='lat' dir='ltr'><strong>error</strong></span> <span class='ocrx_word' id='word_1_121' title='bbox 1284 2667 1302 2706; x_wconf 92' lang='lat' dir='ltr'><strong>a</strong></span> 
     </span>
     <span class='ocr_line' id='line_1_19' title="bbox 350 2744 1299 2830; baseline 0.001 -22"><span class='ocrx_word' id='word_1_122' title='bbox 350 2745 624 2829; x_wconf 83' lang='lat' dir='ltr'><strong>praestantioribus</strong></span> <span class='ocrx_word' id='word_1_123' title='bbox 640 2744 752 2810; x_wconf 93' lang='lat' dir='ltr'><strong>animis</strong></span> <span class='ocrx_word' id='word_1_124' title='bbox 766 2746 918 2820; x_wconf 86' lang='lat' dir='ltr'><strong>amoveri,</strong></span> <span class='ocrx_word' id='word_1_125' title='bbox 933 2768 1030 2830; x_wconf 92' lang='lat' dir='ltr'><strong>quam</strong></span> <span class='ocrx_word' id='word_1_126' title='bbox 1047 2745 1157 2810; x_wconf 89' lang='lat' dir='ltr'><strong>leviter</strong></span> <span class='ocrx_word' id='word_1_127' title='bbox 1172 2747 1204 2809; x_wconf 94' lang='lat' dir='ltr'><strong>in</strong></span> <span class='ocrx_word' id='word_1_128' title='bbox 1228 2769 1299 2810; x_wconf 91' lang='lat' dir='ltr'><strong>con·</strong></span> 
     </span>
     <span class='ocr_line' id='line_1_20' title="bbox 349 2846 1303 2930; baseline 0.002 -22"><span class='ocrx_word' id='word_1_129' title='bbox 349 2858 461 2930; x_wconf 87' lang='lat' dir='ltr'><strong>spectu</strong></span> <span class='ocrx_word' id='word_1_130' title='bbox 477 2869 559 2912; x_wconf 89' lang='lat' dir='ltr'><strong>verae</strong></span> <span class='ocrx_word' id='word_1_131' title='bbox 574 2847 649 2912; x_wconf 87' lang='lat' dir='ltr'><strong>fidei</strong></span> <span class='ocrx_word' id='word_1_132' title='bbox 664 2860 696 2910; x_wconf 93' lang='lat' dir='ltr'><strong>et</strong></span> <span class='ocrx_word' id='word_1_133' title='bbox 713 2870 796 2911; x_wconf 87' lang='lat' dir='ltr'><strong>sanae</strong></span> <span class='ocrx_word' id='word_1_134' title='bbox 811 2846 1011 2911; x_wconf 71' lang='lat' dir='ltr'><strong>conscientiae</strong></span> <span class='ocrx_word' id='word_1_135' title='bbox 1033 2847 1166 2912; x_wconf 87' lang='lat' dir='ltr'><strong>istarum</strong></span> <span class='ocrx_word' id='word_1_136' title='bbox 1186 2847 1303 2912; x_wconf 84' lang='lat' dir='ltr'><strong>illusio·</strong></span> 
     </span>
     <span class='ocr_line' id='line_1_21' title="bbox 350 2949 1301 3036; baseline 0.002 -26"><span class='ocrx_word' id='word_1_137' title='bbox 350 2969 424 3011; x_wconf 93' lang='lat' dir='ltr'><strong>num</strong></span> <span class='ocrx_word' id='word_1_138' title='bbox 451 2950 609 3013; x_wconf 86' lang='lat' dir='ltr'><strong>daemonia</strong></span> <span class='ocrx_word' id='word_1_139' title='bbox 634 2950 872 3034; x_wconf 89' lang='lat' dir='ltr'><strong>conquiescunt.</strong></span> <span class='ocrx_word' id='word_1_140' title='bbox 922 2950 1135 3013; x_wconf 90' lang='lat' dir='ltr'><strong>Veruntamen</strong></span> <span class='ocrx_word' id='word_1_141' title='bbox 1157 2973 1196 3012; x_wconf 88' lang='lat' dir='ltr'><strong>eo</strong></span> <span class='ocrx_word' id='word_1_142' title='bbox 1220 2949 1301 3036; x_wconf 91' lang='lat' dir='ltr'><strong>peri-</strong></span> 
     </span>
     <span class='ocr_line' id='line_1_22' title="bbox 349 3049 1301 3135; baseline 0.003 -24"><span class='ocrx_word' id='word_1_143' title='bbox 349 3049 487 3114; x_wconf 89' lang='lat' dir='ltr'><strong>culosius</strong></span> <span class='ocrx_word' id='word_1_144' title='bbox 511 3063 628 3121; x_wconf 90' lang='lat' dir='ltr'><strong>errant,</strong></span> <span class='ocrx_word' id='word_1_145' title='bbox 652 3054 771 3135; x_wconf 88' lang='lat' dir='ltr'><strong>quoin</strong></span> <span class='ocrx_word' id='word_1_146' title='bbox 799 3050 958 3115; x_wconf 79' lang='lat' dir='ltr'><strong>soliditate</strong></span> <span class='ocrx_word' id='word_1_147' title='bbox 984 3064 1119 3131; x_wconf 88' lang='lat' dir='ltr'><strong>naturae,</strong></span> <span class='ocrx_word' id='word_1_148' title='bbox 1141 3063 1173 3114; x_wconf 91' lang='lat' dir='ltr'><strong>et</strong></span> <span class='ocrx_word' id='word_1_149' title='bbox 1196 3051 1301 3135; x_wconf 81' lang='lat' dir='ltr'><strong>rigore</strong></span> 
     </span>
     <span class='ocr_line' id='line_1_23' title="bbox 348 3151 1301 3233; baseline 0 -18"><span class='ocrx_word' id='word_1_150' title='bbox 348 3153 489 3233; x_wconf 89' lang='lat' dir='ltr'><strong>rationis,</strong></span> <span class='ocrx_word' id='word_1_151' title='bbox 512 3176 604 3218; x_wconf 90' lang='lat' dir='ltr'><strong>suum</strong></span> <span class='ocrx_word' id='word_1_152' title='bbox 627 3153 763 3217; x_wconf 85' lang='lat' dir='ltr'><strong>fundare</strong></span> <span class='ocrx_word' id='word_1_153' title='bbox 786 3151 935 3217; x_wconf 88' lang='lat' dir='ltr'><strong>videntur</strong></span> <span class='ocrx_word' id='word_1_154' title='bbox 957 3174 1105 3216; x_wconf 86' lang='lat' dir='ltr'><strong>errorem.</strong></span> <span class='ocrx_word' id='word_1_155' title='bbox 1153 3153 1301 3215; x_wconf 86' lang='lat' dir='ltr'><strong>Temera-</strong></span> 
     </span>
     <span class='ocr_line' id='line_1_24' title="bbox 348 3251 1301 3340; baseline 0.001 -24"><span class='ocrx_word' id='word_1_156' title='bbox 348 3252 430 3318; x_wconf 92' lang='lat' dir='ltr'><strong>rium</strong></span> <span class='ocrx_word' id='word_1_157' title='bbox 457 3254 614 3340; x_wconf 89' lang='lat' dir='ltr'><strong>siquidem</strong></span> <span class='ocrx_word' id='word_1_158' title='bbox 641 3253 768 3319; x_wconf 88' lang='lat' dir='ltr'><strong>videtur</strong></span> <span class='ocrx_word' id='word_1_159' title='bbox 797 3252 953 3317; x_wconf 85' lang='lat' dir='ltr'><strong>universis</strong></span> <span class='ocrx_word' id='word_1_160' title='bbox 983 3255 1015 3317; x_wconf 93' lang='lat' dir='ltr'><strong>in</strong></span> <span class='ocrx_word' id='word_1_161' title='bbox 1047 3251 1149 3338; x_wconf 90' lang='lat' dir='ltr'><strong>legem</strong></span> <span class='ocrx_word' id='word_1_162' title='bbox 1178 3265 1301 3317; x_wconf 65' lang='lat' dir='ltr'><strong>natura²</strong></span> 
     </span>
     <span class='ocr_line' id='line_1_25' title="bbox 347 3355 1300 3441; baseline 0.003 -25"><span class='ocrx_word' id='word_1_163' title='bbox 347 3355 561 3437; x_wconf 77' lang='lat' dir='ltr'><strong>praevaricari,</strong></span> <span class='ocrx_word' id='word_1_164' title='bbox 576 3367 608 3419; x_wconf 89' lang='lat' dir='ltr'><strong>ct</strong></span> <span class='ocrx_word' id='word_1_165' title='bbox 624 3356 770 3432; x_wconf 88' lang='lat' dir='ltr'><strong>stultum,</strong></span> <span class='ocrx_word' id='word_1_166' title='bbox 786 3356 887 3441; x_wconf 89' lang='lat' dir='ltr'><strong>gratis</strong></span> <span class='ocrx_word' id='word_1_167' title='bbox 904 3355 1072 3420; x_wconf 83' lang='lat' dir='ltr'><strong>dissentire</strong></span> <span class='ocrx_word' id='word_1_168' title='bbox 1086 3355 1127 3418; x_wconf 91' lang='lat' dir='ltr'><strong>ab</strong></span> <span class='ocrx_word' id='word_1_169' title='bbox 1149 3379 1197 3432; x_wconf 92' lang='lat' dir='ltr'><strong>eo,</strong></span> <span class='ocrx_word' id='word_1_170' title='bbox 1213 3355 1300 3441; x_wconf 92' lang='lat' dir='ltr'><strong>quod</strong></span> 
     </span>
     <span class='ocr_line' id='line_1_26' title="bbox 348 3454 1301 3544; baseline 0.001 -25"><span class='ocrx_word' id='word_1_171' title='bbox 348 3454 430 3519; x_wconf 90' lang='lat' dir='ltr'><strong>ratio</strong></span> <span class='ocrx_word' id='word_1_172' title='bbox 455 3458 620 3541; x_wconf 82' lang='lat' dir='ltr'><strong>persuasit.</strong></span> <span class='ocrx_word' id='word_1_173' title='bbox 674 3461 701 3522; x_wconf 82' lang='lat' dir='ltr'>A</span> <span class='ocrx_word' id='word_1_174' title='bbox 730 3458 809 3522; x_wconf 86' lang='lat' dir='ltr'><strong>veris</strong></span> <span class='ocrx_word' id='word_1_175' title='bbox 838 3481 915 3544; x_wconf 91' lang='lat' dir='ltr'><strong>ergo</strong></span> <span class='ocrx_word' id='word_1_176' title='bbox 941 3470 1071 3523; x_wconf 91' lang='lat' dir='ltr'><strong>sumunt</strong></span> <span class='ocrx_word' id='word_1_177' title='bbox 1099 3457 1238 3536; x_wconf 90' lang='lat' dir='ltr'><strong>initium,</strong></span> <span class='ocrx_word' id='word_1_178' title='bbox 1264 3470 1301 3521; x_wconf 89' lang='lat' dir='ltr'><strong>ut</strong></span> 
     </span>
     <span class='ocr_line' id='line_1_27' title="bbox 347 3557 1302 3645; baseline 0.004 -27"><span class='ocrx_word' id='word_1_179' title='bbox 347 3579 405 3640; x_wconf 93' lang='lat' dir='ltr'><strong>per</strong></span> <span class='ocrx_word' id='word_1_180' title='bbox 430 3579 504 3620; x_wconf 89' lang='lat' dir='ltr'><strong>vera</strong></span> <span class='ocrx_word' id='word_1_181' title='bbox 528 3557 650 3622; x_wconf 88' lang='lat' dir='ltr'><strong>diutius</strong></span> <span class='ocrx_word' id='word_1_182' title='bbox 675 3559 866 3643; x_wconf 86' lang='lat' dir='ltr'><strong>gradientes,</strong></span> <span class='ocrx_word' id='word_1_183' title='bbox 894 3584 927 3624; x_wconf 91' lang='lat' dir='ltr'><strong>se</strong></span> <span class='ocrx_word' id='word_1_184' title='bbox 952 3573 983 3625; x_wconf 85' lang='lat' dir='ltr'><strong>et</strong></span> <span class='ocrx_word' id='word_1_185' title='bbox 1011 3559 1201 3645; x_wconf 86' lang='lat' dir='ltr'><strong>sequipedas</strong></span> <span class='ocrx_word' id='word_1_186' title='bbox 1229 3581 1302 3623; x_wconf 86' lang='lat' dir='ltr'><strong>suos</strong></span> 
     </span>
     <span class='ocr_line' id='line_1_28' title="bbox 349 3657 1299 3745; baseline 0.002 -24"><span class='ocrx_word' id='word_1_187' title='bbox 349 3657 547 3743; x_wconf 84' lang='lat' dir='ltr'><strong>praecipitent</strong></span> <span class='ocrx_word' id='word_1_188' title='bbox 562 3658 595 3721; x_wconf 90' lang='lat' dir='ltr'><strong>in</strong></span> <span class='ocrx_word' id='word_1_189' title='bbox 611 3658 772 3745; x_wconf 90' lang='lat' dir='ltr'><strong>laqueum,</strong></span> <span class='ocrx_word' id='word_1_190' title='bbox 786 3673 818 3725; x_wconf 87' lang='lat' dir='ltr'><strong>et</strong></span> <span class='ocrx_word' id='word_1_191' title='bbox 834 3661 959 3726; x_wconf 84' lang='lat' dir='ltr'><strong>foveam</strong></span> <span class='ocrx_word' id='word_1_192' title='bbox 975 3661 1132 3725; x_wconf 85' lang='lat' dir='ltr'><strong>falsitatis.</strong></span> <span class='ocrx_word' id='word_1_193' title='bbox 1172 3660 1299 3725; x_wconf 89' lang='lat' dir='ltr'><strong>Mathe-</strong></span> 
     </span>
     <span class='ocr_line' id='line_1_29' title="bbox 348 3758 1300 3850; baseline 0.002 -28"><span class='ocrx_word' id='word_1_194' title='bbox 348 3758 405 3822; x_wconf 90' lang='lat' dir='ltr'><strong>sim</strong></span> <span class='ocrx_word' id='word_1_195' title='bbox 418 3781 495 3843; x_wconf 89' lang='lat' dir='ltr'><strong>ergo</strong></span> <span class='ocrx_word' id='word_1_196' title='bbox 506 3760 713 3843; x_wconf 87' lang='lat' dir='ltr'><strong>probabilem,</strong></span> <span class='ocrx_word' id='word_1_197' title='bbox 727 3786 799 3848; x_wconf 88' lang='lat' dir='ltr'><strong>quae</strong></span> <span class='ocrx_word' id='word_1_198' title='bbox 810 3763 988 3850; x_wconf 88' lang='lat' dir='ltr'><strong>penultima</strong></span> <span class='ocrx_word' id='word_1_199' title='bbox 999 3764 1089 3828; x_wconf 86' lang='lat' dir='ltr'><strong>brevi</strong></span> <span class='ocrx_word' id='word_1_200' title='bbox 1100 3765 1300 3836; x_wconf 86' lang='lat' dir='ltr'><strong>enunciatur,</strong></span> 
     </span>
     <span class='ocr_line' id='line_1_30' title="bbox 347 3863 1300 3952; baseline 0.005 -30"><span class='ocrx_word' id='word_1_201' title='bbox 347 3882 442 3947; x_wconf 89' lang='lat' dir='ltr'><strong>quam</strong></span> <span class='ocrx_word' id='word_1_202' title='bbox 469 3873 501 3925; x_wconf 90' lang='lat' dir='ltr'><strong>et</strong></span> <span class='ocrx_word' id='word_1_203' title='bbox 526 3874 640 3926; x_wconf 88' lang='lat' dir='ltr'><strong>natura</strong></span> <span class='ocrx_word' id='word_1_204' title='bbox 665 3863 800 3941; x_wconf 90' lang='lat' dir='ltr'><strong>inducit,</strong></span> <span class='ocrx_word' id='word_1_205' title='bbox 828 3866 910 3930; x_wconf 89' lang='lat' dir='ltr'><strong>ratio</strong></span> <span class='ocrx_word' id='word_1_206' title='bbox 938 3866 1064 3952; x_wconf 90' lang='lat' dir='ltr'><strong>probat,</strong></span> <span class='ocrx_word' id='word_1_207' title='bbox 1092 3877 1123 3930; x_wconf 91' lang='lat' dir='ltr'><strong>et</strong></span> <span class='ocrx_word' id='word_1_208' title='bbox 1153 3863 1300 3929; x_wconf 81' lang='lat' dir='ltr'><strong>utilitatis</strong></span> 
     </span>
     <span class='ocr_line' id='line_1_31' title="bbox 344 3960 1298 4052; baseline 0.004 -26"><span class='ocrx_word' id='word_1_209' title='bbox 344 3960 538 4048; x_wconf 86' lang='lat' dir='ltr'><strong>experientia</strong></span> <span class='ocrx_word' id='word_1_210' title='bbox 559 3964 727 4049; x_wconf 87' lang='lat' dir='ltr'><strong>approbat,</strong></span> <span class='ocrx_word' id='word_1_211' title='bbox 748 3966 840 4050; x_wconf 90' lang='lat' dir='ltr'><strong>quasi</strong></span> <span class='ocrx_word' id='word_1_212' title='bbox 863 3967 1024 4052; x_wconf 87' lang='lat' dir='ltr'><strong>quoddam</strong></span> <span class='ocrx_word' id='word_1_213' title='bbox 1050 3966 1204 4031; x_wconf 80' lang='lat' dir='ltr'><strong>doctrinae</strong></span> <span class='ocrx_word' id='word_1_214' title='bbox 1231 3989 1298 4030; x_wconf 69' lang='lat' dir='ltr'><strong>suaa</strong></span> 
     </span>
     <span class='ocr_line' id='line_1_32' title="bbox 340 4063 1299 4154; baseline 0.003 -25"><span class='ocrx_word' id='word_1_215' title='bbox 340 4065 465 4153; x_wconf 91' lang='lat' dir='ltr'><strong>jaciunt</strong></span> <span class='ocrx_word' id='word_1_216' title='bbox 488 4063 745 4143; x_wconf 83' lang='lat' dir='ltr'><strong>fundamentum,</strong></span> <span class='ocrx_word' id='word_1_217' title='bbox 765 4080 802 4131; x_wconf 90' lang='lat' dir='ltr'><strong>ut</strong></span> <span class='ocrx_word' id='word_1_218' title='bbox 824 4068 939 4131; x_wconf 84' lang='lat' dir='ltr'><strong>exinde</strong></span> <span class='ocrx_word' id='word_1_219' title='bbox 960 4068 1143 4154; x_wconf 91' lang='lat' dir='ltr'><strong>opinionum</strong></span> <span class='ocrx_word' id='word_1_220' title='bbox 1169 4088 1299 4133; x_wconf 83' lang='lat' dir='ltr'><strong>suarum</strong></span> 
     </span>
     <span class='ocr_line' id='line_1_33' title="bbox 344 4166 1296 4254; baseline 0 -20"><span class='ocrx_word' id='word_1_221' title='bbox 344 4169 467 4234; x_wconf 90' lang='lat' dir='ltr'><strong>lubrico</strong></span> <span class='ocrx_word' id='word_1_222' title='bbox 485 4166 577 4254; x_wconf 90' lang='lat' dir='ltr'><strong>quasi</strong></span> <span class='ocrx_word' id='word_1_223' title='bbox 602 4166 740 4252; x_wconf 90' lang='lat' dir='ltr'><strong>quadam</strong></span> <span class='ocrx_word' id='word_1_224' title='bbox 764 4168 903 4254; x_wconf 88' lang='lat' dir='ltr'><strong>imagine</strong></span> <span class='ocrx_word' id='word_1_225' title='bbox 925 4171 1068 4245; x_wconf 88' lang='lat' dir='ltr'><strong>rationis,</strong></span> <span class='ocrx_word' id='word_1_226' title='bbox 1083 4171 1116 4233; x_wconf 90' lang='lat' dir='ltr'><strong>in</strong></span> <span class='ocrx_word' id='word_1_227' title='bbox 1139 4170 1296 4235; x_wconf 87' lang='lat' dir='ltr'><strong>mathesin</strong></span> 
     </span>
     <span class='ocr_line' id='line_1_34' title="bbox 345 4269 1301 4358; baseline 0.001 -23"><span class='ocrx_word' id='word_1_228' title='bbox 345 4272 523 4358; x_wconf 83' lang='lat' dir='ltr'><strong>reprobam,</strong></span> <span class='ocrx_word' id='word_1_229' title='bbox 546 4289 620 4355; x_wconf 79' lang='lat' dir='ltr'><strong>quae</strong></span> <span class='ocrx_word' id='word_1_230' title='bbox 643 4269 805 4356; x_wconf 85' lang='lat' dir='ltr'><strong>profertur</strong></span> <span class='ocrx_word' id='word_1_231' title='bbox 830 4282 959 4336; x_wconf 88' lang='lat' dir='ltr'><strong>extensa</strong></span> <span class='ocrx_word' id='word_1_232' title='bbox 985 4271 1172 4355; x_wconf 86' lang='lat' dir='ltr'><strong>penultima,</strong></span> <span class='ocrx_word' id='word_1_233' title='bbox 1196 4271 1301 4358; x_wconf 88' lang='lat' dir='ltr'><strong>perni-</strong></span> 
     </span>
    </p>
   </div>
   <div class='ocr_carea' id='block_1_5' title="bbox 0 0 1660 5309">
    <p class='ocr_par' dir='ltr' id='par_1_5' title="bbox 0 0 1660 5309">
     <span class='ocr_line' id='line_1_35' title="bbox 0 0 1660 5309; baseline 0 1"><span class='ocrx_word' id='word_1_234' title='bbox 0 0 1660 5309; x_wconf 95' lang='lat' dir='ltr'><strong> </strong></span> 
     </span>
    </p>
   </div>
  </div>
 </body>
</html>
