<?xml version="1.0" encoding="UTF-8"?>
<!DOCTYPE html PUBLIC "-//W3C//DTD XHTML 1.0 Transitional//EN"
    "http://www.w3.org/TR/xhtml1/DTD/xhtml1-transitional.dtd">
<html xmlns="http://www.w3.org/1999/xhtml" xml:lang="en" lang="en">
 <head>
  <title>
</title>
<meta http-equiv="Content-Type" content="text/html;charset=utf-8" />
  <meta name='ocr-system' content='tesseract 3.04.00' />
  <meta name='ocr-capabilities' content='ocr_page ocr_carea ocr_par ocr_line ocrx_word'/>
</head>
<body>
  <div class='ocr_page' id='page_1' title='image "./joannissaresber04johngoog_0294.png"; bbox 0 0 3309 5309; ppageno 0'>
   <div class='ocr_carea' id='block_1_1' title="bbox 381 655 1333 738">
    <p class='ocr_par' dir='ltr' id='par_1_1' title="bbox 381 655 1333 738">
     <span class='ocr_line' id='line_1_1' title="bbox 381 655 1333 738; baseline 0.009 -24"><span class='ocrx_word' id='word_1_1' title='bbox 381 655 445 715; x_wconf 71' lang='lat'><strong>278</strong></span> <span class='ocrx_word' id='word_1_2' title='bbox 651 670 787 715; x_wconf 81' lang='lat' dir='ltr'><strong>Josuurs</strong></span> <span class='ocrx_word' id='word_1_3' title='bbox 802 671 1084 717; x_wconf 80' lang='lat' dir='ltr'><strong>sannsssaisusrs</strong></span> <span class='ocrx_word' id='word_1_4' title='bbox 1202 659 1285 738; x_wconf 79' lang='lat' dir='ltr'><strong>[uns.</strong></span> <span class='ocrx_word' id='word_1_5' title='bbox 1301 678 1333 725; x_wconf 75' lang='lat' dir='ltr'><strong>v,</strong></span> 
     </span>
    </p>
   </div>
   <div class='ocr_carea' id='block_1_2' title="bbox 343 820 1333 4376">
    <p class='ocr_par' dir='ltr' id='par_1_2' title="bbox 343 820 1333 4376">
     <span class='ocr_line' id='line_1_2' title="bbox 382 820 1333 913; baseline 0.011 -29"><span class='ocrx_word' id='word_1_6' title='bbox 382 820 441 884; x_wconf 90' lang='lat' dir='ltr'><strong>tibi</strong></span> <span class='ocrx_word' id='word_1_7' title='bbox 457 832 585 884; x_wconf 87' lang='lat' dir='ltr'><strong>auctore</strong></span> <span class='ocrx_word' id='word_1_8' title='bbox 601 820 749 897; x_wconf 89' lang='lat' dir='ltr'><strong>Domino,</strong></span> <span class='ocrx_word' id='word_1_9' title='bbox 765 844 823 884; x_wconf 91' lang='lat' dir='ltr'><strong>suo</strong></span> <span class='ocrx_word' id='word_1_10' title='bbox 838 824 908 885; x_wconf 89' lang='lat' dir='ltr'><strong>loco</strong></span> <span class='ocrx_word' id='word_1_11' title='bbox 927 836 960 887; x_wconf 90' lang='lat' dir='ltr'><strong>et</strong></span> <span class='ocrx_word' id='word_1_12' title='bbox 975 837 1118 907; x_wconf 91' lang='lat' dir='ltr'><strong>ternpore</strong></span> <span class='ocrx_word' id='word_1_13' title='bbox 1134 848 1235 911; x_wconf 89' lang='lat' dir='ltr'><strong>quum</strong></span> <span class='ocrx_word' id='word_1_14' title='bbox 1252 852 1333 913; x_wconf 88' lang='lat' dir='ltr'><strong>prae·</strong></span> 
     </span>
     <span class='ocr_line' id='line_1_3' title="bbox 380 920 1332 1016; baseline 0.006 -27"><span class='ocrx_word' id='word_1_15' title='bbox 380 922 512 1008; x_wconf 80' lang='lat' dir='ltr'>ceperis,</span> <span class='ocrx_word' id='word_1_16' title='bbox 528 920 717 1006; x_wconf 82' lang='lat' dir='ltr'><strong>explanabo,</strong></span> <span class='ocrx_word' id='word_1_17' title='bbox 737 922 889 1008; x_wconf 85' lang='lat' dir='ltr'><strong>adjiciens</strong></span> <span class='ocrx_word' id='word_1_18' title='bbox 910 923 1181 1003; x_wconf 85' lang='lat' dir='ltr'><strong>indumentorum,</strong></span> <span class='ocrx_word' id='word_1_19' title='bbox 1202 941 1235 992; x_wconf 92' lang='lat' dir='ltr'><strong>et</strong></span> <span class='ocrx_word' id='word_1_20' title='bbox 1255 953 1332 1016; x_wconf 76' lang='lat' dir='ltr'><strong>quc</strong></span> 
     </span>
     <span class='ocr_line' id='line_1_4' title="bbox 380 1023 1331 1108; baseline 0.007 -19"><span class='ocrx_word' id='word_1_21' title='bbox 380 1023 515 1089; x_wconf 82' lang='lat' dir='ltr'><strong>tundam</strong></span> <span class='ocrx_word' id='word_1_22' title='bbox 542 1035 809 1088; x_wconf 88' lang='lat' dir='ltr'><strong>sacramentorum</strong></span> <span class='ocrx_word' id='word_1_23' title='bbox 836 1023 1089 1108; x_wconf 81' lang='lat' dir='ltr'><strong>significationes.</strong></span> <span class='ocrx_word' id='word_1_24' title='bbox 1135 1027 1201 1091; x_wconf 89' lang='lat' dir='ltr'><strong>Hic</strong></span> <span class='ocrx_word' id='word_1_25' title='bbox 1225 1043 1331 1096; x_wconf 90' lang='lat' dir='ltr'><strong>autem</strong></span> 
     </span>
     <span class='ocr_line' id='line_1_5' title="bbox 378 1122 1331 1217; baseline 0.009 -28"><span class='ocrx_word' id='word_1_26' title='bbox 378 1129 471 1212; x_wconf 89' lang='lat' dir='ltr'><strong>plane</strong></span> <span class='ocrx_word' id='word_1_27' title='bbox 487 1123 577 1189; x_wconf 91' lang='lat' dir='ltr'><strong>nulla</strong></span> <span class='ocrx_word' id='word_1_28' title='bbox 591 1136 638 1189; x_wconf 93' lang='lat' dir='ltr'><strong>est</strong></span> <span class='ocrx_word' id='word_1_29' title='bbox 661 1122 773 1211; x_wconf 92' lang='lat' dir='ltr'><strong>populi</strong></span> <span class='ocrx_word' id='word_1_30' title='bbox 795 1125 990 1198; x_wconf 82' lang='lat' dir='ltr'><strong>acclamatio,</strong></span> <span class='ocrx_word' id='word_1_31' title='bbox 1007 1126 1095 1190; x_wconf 93' lang='lat' dir='ltr'><strong>nulla</strong></span> <span class='ocrx_word' id='word_1_32' title='bbox 1110 1132 1331 1217; x_wconf 86' lang='lat' dir='ltr'><strong>consanguini-</strong></span> 
     </span>
     <span class='ocr_line' id='line_1_6' title="bbox 378 1225 1329 1319; baseline 0.007 -27"><span class='ocrx_word' id='word_1_33' title='bbox 378 1227 453 1292; x_wconf 87' lang='lat' dir='ltr'><strong>tatis</strong></span> <span class='ocrx_word' id='word_1_34' title='bbox 475 1226 567 1302; x_wconf 88' lang='lat' dir='ltr'><strong>ratio,</strong></span> <span class='ocrx_word' id='word_1_35' title='bbox 588 1225 676 1290; x_wconf 92' lang='lat' dir='ltr'><strong>nulla</strong></span> <span class='ocrx_word' id='word_1_36' title='bbox 698 1225 949 1312; x_wconf 86' lang='lat' dir='ltr'><strong>propinquitatis</strong></span> <span class='ocrx_word' id='word_1_37' title='bbox 971 1227 1082 1294; x_wconf 84' lang='lat' dir='ltr'><strong>habita</strong></span> <span class='ocrx_word' id='word_1_38' title='bbox 1103 1232 1329 1319; x_wconf 88' lang='lat' dir='ltr'><strong>contemplatio</strong></span> 
     </span>
     <span class='ocr_line' id='line_1_7' title="bbox 377 1326 1328 1418; baseline 0.006 -26"><span class='ocrx_word' id='word_1_39' title='bbox 377 1341 435 1393; x_wconf 88' lang='lat' dir='ltr'><strong>est.</strong></span> <span class='ocrx_word' id='word_1_40' title='bbox 481 1332 614 1393; x_wconf 87' lang='lat' dir='ltr'><strong>Mortuo</strong></span> <span class='ocrx_word' id='word_1_41' title='bbox 637 1327 798 1413; x_wconf 88' lang='lat' dir='ltr'><strong>Salphaat,</strong></span> <span class='ocrx_word' id='word_1_42' title='bbox 813 1326 888 1391; x_wconf 85' lang='lat' dir='ltr'><strong>filiae</strong></span> <span class='ocrx_word' id='word_1_43' title='bbox 902 1340 1066 1413; x_wconf 86' lang='lat' dir='ltr'><strong>paternam</strong></span> <span class='ocrx_word' id='word_1_44' title='bbox 1082 1329 1172 1417; x_wconf 93' lang='lat' dir='ltr'><strong>apud</strong></span> <span class='ocrx_word' id='word_1_45' title='bbox 1194 1335 1328 1418; x_wconf 79' lang='lat' dir='ltr'><strong>Moysen</strong></span> 
     </span>
     <span class='ocr_line' id='line_1_8' title="bbox 377 1429 1327 1520; baseline 0.005 -25"><span class='ocrx_word' id='word_1_46' title='bbox 377 1431 545 1495; x_wconf 87' lang='lat' dir='ltr'><strong>vendicant</strong></span> <span class='ocrx_word' id='word_1_47' title='bbox 575 1429 794 1495; x_wconf 86' lang='lat' dir='ltr'><strong>hereditatem.</strong></span> <span class='ocrx_word' id='word_1_48' title='bbox 850 1429 1038 1495; x_wconf 89' lang='lat' dir='ltr'><strong>Petitionem</strong></span> <span class='ocrx_word' id='word_1_49' title='bbox 1068 1453 1178 1496; x_wconf 89' lang='lat' dir='ltr'><strong>earum</strong></span> <span class='ocrx_word' id='word_1_50' title='bbox 1206 1436 1327 1520; x_wconf 90' lang='lat' dir='ltr'><strong>justam</strong></span> 
     </span>
     <span class='ocr_line' id='line_1_9' title="bbox 374 1532 1327 1624; baseline 0.004 -26"><span class='ocrx_word' id='word_1_51' title='bbox 374 1557 451 1610; x_wconf 89' lang='lat' dir='ltr'><strong>esse,</strong></span> <span class='ocrx_word' id='word_1_52' title='bbox 468 1536 559 1598; x_wconf 92' lang='lat' dir='ltr'><strong>Deus</strong></span> <span class='ocrx_word' id='word_1_53' title='bbox 582 1533 648 1619; x_wconf 87' lang='lat' dir='ltr'><strong>ipse</strong></span> <span class='ocrx_word' id='word_1_54' title='bbox 671 1544 816 1597; x_wconf 90' lang='lat' dir='ltr'><strong>testatur.</strong></span> <span class='ocrx_word' id='word_1_55' title='bbox 861 1532 1054 1619; x_wconf 89' lang='lat' dir='ltr'><strong>Propinquis</strong></span> <span class='ocrx_word' id='word_1_56' title='bbox 1074 1556 1215 1623; x_wconf 88' lang='lat' dir='ltr'><strong>namque</strong></span> <span class='ocrx_word' id='word_1_57' title='bbox 1237 1560 1327 1624; x_wconf 86' lang='lat' dir='ltr'><strong>agro·</strong></span> 
     </span>
     <span class='ocr_line' id='line_1_10' title="bbox 374 1633 1326 1722; baseline 0.005 -21"><span class='ocrx_word' id='word_1_58' title='bbox 374 1659 457 1712; x_wconf 87' lang='lat' dir='ltr'><strong>rum,</strong></span> <span class='ocrx_word' id='word_1_59' title='bbox 473 1649 505 1701; x_wconf 90' lang='lat' dir='ltr'><strong>et</strong></span> <span class='ocrx_word' id='word_1_60' title='bbox 525 1634 718 1722; x_wconf 68' lang='lat' dir='ltr'><strong>praediorum</strong></span> <span class='ocrx_word' id='word_1_61' title='bbox 742 1633 912 1700; x_wconf 72' lang='lat' dir='ltr'><strong>hareditas</strong></span> <span class='ocrx_word' id='word_1_62' title='bbox 934 1634 1144 1721; x_wconf 89' lang='lat' dir='ltr'><strong>relinquenda</strong></span> <span class='ocrx_word' id='word_1_63' title='bbox 1167 1650 1227 1716; x_wconf 89' lang='lat' dir='ltr'><strong>est,</strong></span> <span class='ocrx_word' id='word_1_64' title='bbox 1243 1652 1275 1705; x_wconf 93' lang='lat' dir='ltr'><strong>et</strong></span> <span class='ocrx_word' id='word_1_65' title='bbox 1291 1654 1326 1706; x_wconf 91' lang='lat' dir='ltr'><strong>ut</strong></span> 
     </span>
     <span class='ocr_line' id='line_1_11' title="bbox 372 1737 1325 1826; baseline 0.005 -24"><span class='ocrx_word' id='word_1_66' title='bbox 372 1739 547 1826; x_wconf 89' lang='lat' dir='ltr'><strong>plurimum</strong></span> <span class='ocrx_word' id='word_1_67' title='bbox 575 1737 744 1803; x_wconf 90' lang='lat' dir='ltr'><strong>actionum.</strong></span> <span class='ocrx_word' id='word_1_68' title='bbox 801 1737 1000 1804; x_wconf 86' lang='lat' dir='ltr'><strong>Gubernatio</strong></span> <span class='ocrx_word' id='word_1_69' title='bbox 1027 1760 1101 1802; x_wconf 90' lang='lat' dir='ltr'><strong>vero</strong></span> <span class='ocrx_word' id='word_1_70' title='bbox 1126 1740 1252 1826; x_wconf 92' lang='lat' dir='ltr'><strong>populi,</strong></span> <span class='ocrx_word' id='word_1_71' title='bbox 1278 1742 1325 1808; x_wconf 92' lang='lat' dir='ltr'><strong>illi</strong></span> 
     </span>
     <span class='ocr_line' id='line_1_12' title="bbox 372 1839 1323 1925; baseline 0.001 -19"><span class='ocrx_word' id='word_1_72' title='bbox 372 1841 527 1907; x_wconf 87' lang='lat' dir='ltr'><strong>tradenda</strong></span> <span class='ocrx_word' id='word_1_73' title='bbox 541 1853 599 1917; x_wconf 88' lang='lat' dir='ltr'><strong>est,</strong></span> <span class='ocrx_word' id='word_1_74' title='bbox 615 1862 710 1925; x_wconf 90' lang='lat' dir='ltr'><strong>quem</strong></span> <span class='ocrx_word' id='word_1_75' title='bbox 727 1841 817 1905; x_wconf 86' lang='lat' dir='ltr'><strong>Deus</strong></span> <span class='ocrx_word' id='word_1_76' title='bbox 832 1839 974 1924; x_wconf 86' lang='lat' dir='ltr'><strong>elegerit,</strong></span> <span class='ocrx_word' id='word_1_77' title='bbox 987 1839 1107 1903; x_wconf 88' lang='lat' dir='ltr'><strong>homiui</strong></span> <span class='ocrx_word' id='word_1_78' title='bbox 1122 1841 1241 1908; x_wconf 90' lang='lat' dir='ltr'><strong>scilicet</strong></span> <span class='ocrx_word' id='word_1_79' title='bbox 1256 1844 1323 1921; x_wconf 89' lang='lat' dir='ltr'><strong>tali,</strong></span> 
     </span>
     <span class='ocr_line' id='line_1_13' title="bbox 371 1941 1321 2029; baseline 0.004 -23"><span class='ocrx_word' id='word_1_80' title='bbox 371 1944 426 2029; x_wconf 89' lang='lat' dir='ltr'><strong>qui</strong></span> <span class='ocrx_word' id='word_1_81' title='bbox 451 1943 546 2007; x_wconf 89' lang='lat' dir='ltr'><strong>habet</strong></span> <span class='ocrx_word' id='word_1_82' title='bbox 570 1942 727 2029; x_wconf 81' lang='lat' dir='ltr'><strong>Spiritum</strong></span> <span class='ocrx_word' id='word_1_83' title='bbox 752 1942 815 2006; x_wconf 92' lang='lat' dir='ltr'><strong>Dei</strong></span> <span class='ocrx_word' id='word_1_84' title='bbox 838 1941 870 2006; x_wconf 90' lang='lat' dir='ltr'><strong>in</strong></span> <span class='ocrx_word' id='word_1_85' title='bbox 895 1965 938 2017; x_wconf 89' lang='lat' dir='ltr'><strong>se,</strong></span> <span class='ocrx_word' id='word_1_86' title='bbox 963 1953 995 2006; x_wconf 89' lang='lat' dir='ltr'><strong>et</strong></span> <span class='ocrx_word' id='word_1_87' title='bbox 1017 1956 1179 2029; x_wconf 85' lang='lat' dir='ltr'><strong>praecepta</strong></span> <span class='ocrx_word' id='word_1_88' title='bbox 1202 1945 1265 2009; x_wconf 89' lang='lat' dir='ltr'><strong>Dei</strong></span> <span class='ocrx_word' id='word_1_89' title='bbox 1289 1949 1321 2011; x_wconf 91' lang='lat' dir='ltr'><strong>in</strong></span> 
     </span>
     <span class='ocr_line' id='line_1_14' title="bbox 368 2038 1320 2127; baseline 0.008 -22"><span class='ocrx_word' id='word_1_90' title='bbox 368 2052 539 2126; x_wconf 89' lang='lat' dir='ltr'><strong>conspectu</strong></span> <span class='ocrx_word' id='word_1_91' title='bbox 566 2039 635 2125; x_wconf 90' lang='lat' dir='ltr'><strong>ejus</strong></span> <span class='ocrx_word' id='word_1_92' title='bbox 660 2050 745 2116; x_wconf 91' lang='lat' dir='ltr'><strong>suut,</strong></span> <span class='ocrx_word' id='word_1_93' title='bbox 770 2038 827 2124; x_wconf 91' lang='lat' dir='ltr'><strong>qui</strong></span> <span class='ocrx_word' id='word_1_94' title='bbox 853 2041 961 2127; x_wconf 81' lang='lat' dir='ltr'><strong>Moysi</strong></span> <span class='ocrx_word' id='word_1_95' title='bbox 984 2039 1077 2105; x_wconf 85' lang='lat' dir='ltr'><strong>valde</strong></span> <span class='ocrx_word' id='word_1_96' title='bbox 1103 2055 1201 2108; x_wconf 89' lang='lat' dir='ltr'><strong>notus</strong></span> <span class='ocrx_word' id='word_1_97' title='bbox 1223 2045 1264 2111; x_wconf 89' lang='lat' dir='ltr'><strong>sit</strong></span> <span class='ocrx_word' id='word_1_98' title='bbox 1289 2060 1320 2113; x_wconf 89' lang='lat' dir='ltr'><strong>et</strong></span> 
     </span>
     <span class='ocr_line' id='line_1_15' title="bbox 367 2141 1320 2229; baseline 0.005 -22"><span class='ocrx_word' id='word_1_99' title='bbox 367 2142 540 2222; x_wconf 88' lang='lat' dir='ltr'><strong>familiaris,</strong></span> <span class='ocrx_word' id='word_1_100' title='bbox 555 2141 588 2204; x_wconf 90' lang='lat' dir='ltr'><strong>id</strong></span> <span class='ocrx_word' id='word_1_101' title='bbox 609 2154 667 2220; x_wconf 89' lang='lat' dir='ltr'><strong>est,</strong></span> <span class='ocrx_word' id='word_1_102' title='bbox 682 2145 714 2206; x_wconf 93' lang='lat' dir='ltr'><strong>in</strong></span> <span class='ocrx_word' id='word_1_103' title='bbox 735 2164 801 2227; x_wconf 91' lang='lat' dir='ltr'><strong>quo</strong></span> <span class='ocrx_word' id='word_1_104' title='bbox 824 2143 865 2207; x_wconf 91' lang='lat' dir='ltr'><strong>sit</strong></span> <span class='ocrx_word' id='word_1_105' title='bbox 886 2141 1014 2207; x_wconf 84' lang='lat' dir='ltr'><strong>claritas</strong></span> <span class='ocrx_word' id='word_1_106' title='bbox 1036 2141 1115 2229; x_wconf 79' lang='lat' dir='ltr'><strong>legis</strong></span> <span class='ocrx_word' id='word_1_107' title='bbox 1129 2156 1162 2210; x_wconf 90' lang='lat' dir='ltr'><strong>et</strong></span> <span class='ocrx_word' id='word_1_108' title='bbox 1180 2145 1320 2229; x_wconf 89' lang='lat' dir='ltr'><strong>scientia,</strong></span> 
     </span>
     <span class='ocr_line' id='line_1_16' title="bbox 367 2243 1316 2328; baseline 0.007 -20"><span class='ocrx_word' id='word_1_109' title='bbox 367 2255 401 2308; x_wconf 95' lang='lat' dir='ltr'><strong>ut</strong></span> <span class='ocrx_word' id='word_1_110' title='bbox 418 2243 538 2328; x_wconf 80' lang='lat' dir='ltr'><strong>possint</strong></span> <span class='ocrx_word' id='word_1_111' title='bbox 555 2264 627 2304; x_wconf 90' lang='lat' dir='ltr'><strong>euru</strong></span> <span class='ocrx_word' id='word_1_112' title='bbox 645 2243 756 2307; x_wconf 88' lang='lat' dir='ltr'><strong>audire</strong></span> <span class='ocrx_word' id='word_1_113' title='bbox 770 2243 827 2307; x_wconf 87' lang='lat' dir='ltr'><strong>filii</strong></span> <span class='ocrx_word' id='word_1_114' title='bbox 842 2245 951 2310; x_wconf 90' lang='lat' dir='ltr'><strong>Israel.</strong></span> <span class='ocrx_word' id='word_1_115' title='bbox 986 2249 1056 2310; x_wconf 91' lang='lat' dir='ltr'><strong>Nec</strong></span> <span class='ocrx_word' id='word_1_116' title='bbox 1071 2258 1177 2310; x_wconf 90' lang='lat' dir='ltr'><strong>tamen</strong></span> <span class='ocrx_word' id='word_1_117' title='bbox 1193 2247 1316 2315; x_wconf 91' lang='lat' dir='ltr'><strong>licitum</strong></span> 
     </span>
     <span class='ocr_line' id='line_1_17' title="bbox 364 2345 1318 2437; baseline 0.009 -31"><span class='ocrx_word' id='word_1_118' title='bbox 364 2357 411 2407; x_wconf 92' lang='lat' dir='ltr'><strong>est</strong></span> <span class='ocrx_word' id='word_1_119' title='bbox 432 2345 539 2406; x_wconf 82' lang='lat' dir='ltr'><strong>favore</strong></span> <span class='ocrx_word' id='word_1_120' title='bbox 561 2366 727 2418; x_wconf 90' lang='lat' dir='ltr'><strong>novorum,</strong></span> <span class='ocrx_word' id='word_1_121' title='bbox 749 2345 895 2410; x_wconf 89' lang='lat' dir='ltr'><strong>recedere</strong></span> <span class='ocrx_word' id='word_1_122' title='bbox 914 2368 933 2409; x_wconf 93' lang='lat' dir='ltr'><strong>a</strong></span> <span class='ocrx_word' id='word_1_123' title='bbox 952 2347 1107 2431; x_wconf 84' lang='lat' dir='ltr'><strong>sanguiue</strong></span> <span class='ocrx_word' id='word_1_124' title='bbox 1125 2349 1318 2437; x_wconf 89' lang='lat' dir='ltr'><strong>principum,</strong></span> 
     </span>
     <span class='ocr_line' id='line_1_18' title="bbox 363 2445 1317 2537; baseline 0.01 -28"><span class='ocrx_word' id='word_1_125' title='bbox 363 2446 482 2532; x_wconf 93' lang='lat' dir='ltr'><strong>quibus</strong></span> <span class='ocrx_word' id='word_1_126' title='bbox 497 2445 665 2533; x_wconf 81' lang='lat' dir='ltr'><strong>privilegio</strong></span> <span class='ocrx_word' id='word_1_127' title='bbox 680 2445 798 2512; x_wconf 78' lang='lat' dir='ltr'><strong>divinas</strong></span> <span class='ocrx_word' id='word_1_128' title='bbox 817 2447 1044 2534; x_wconf 88' lang='lat' dir='ltr'><strong>promissionis,</strong></span> <span class='ocrx_word' id='word_1_129' title='bbox 1060 2462 1093 2514; x_wconf 89' lang='lat' dir='ltr'><strong>et</strong></span> <span class='ocrx_word' id='word_1_130' title='bbox 1102 2451 1179 2535; x_wconf 87' lang='lat' dir='ltr'><strong>jure</strong></span> <span class='ocrx_word' id='word_1_131' title='bbox 1192 2454 1317 2537; x_wconf 86' lang='lat' dir='ltr'><strong>generis</strong></span> 
     </span>
     <span class='ocr_line' id='line_1_19' title="bbox 362 2547 1316 2640; baseline 0.006 -26"><span class='ocrx_word' id='word_1_132' title='bbox 362 2549 500 2614; x_wconf 88' lang='lat' dir='ltr'><strong>debetur</strong></span> <span class='ocrx_word' id='word_1_133' title='bbox 512 2548 666 2613; x_wconf 91' lang='lat' dir='ltr'><strong>successio</strong></span> <span class='ocrx_word' id='word_1_134' title='bbox 677 2547 860 2629; x_wconf 89' lang='lat' dir='ltr'><strong>liberorum,</strong></span> <span class='ocrx_word' id='word_1_135' title='bbox 872 2550 899 2615; x_wconf 91' lang='lat' dir='ltr'><strong>si</strong></span> <span class='ocrx_word' id='word_1_136' title='bbox 912 2563 1016 2614; x_wconf 88' lang='lat' dir='ltr'><strong>tamen</strong></span> <span class='ocrx_word' id='word_1_137' title='bbox 1031 2551 1080 2629; x_wconf 91' lang='lat' dir='ltr'><strong>(ut</strong></span> <span class='ocrx_word' id='word_1_138' title='bbox 1091 2553 1316 2640; x_wconf 76' lang='lat' dir='ltr'><strong>praescriptum</strong></span> 
     </span>
     <span class='ocr_line' id='line_1_20' title="bbox 362 2652 1316 2739; baseline 0.006 -22"><span class='ocrx_word' id='word_1_139' title='bbox 362 2656 425 2737; x_wconf 90' lang='lat' dir='ltr'><strong>est)</strong></span> <span class='ocrx_word' id='word_1_140' title='bbox 441 2652 673 2717; x_wconf 85' lang='lat' dir='ltr'><strong>ambulaverint</strong></span> <span class='ocrx_word' id='word_1_141' title='bbox 695 2653 728 2716; x_wconf 92' lang='lat' dir='ltr'><strong>in</strong></span> <span class='ocrx_word' id='word_1_142' title='bbox 747 2652 883 2739; x_wconf 88' lang='lat' dir='ltr'><strong>justitiis</strong></span> <span class='ocrx_word' id='word_1_143' title='bbox 898 2654 1041 2720; x_wconf 91' lang='lat' dir='ltr'><strong>Domini.</strong></span> <span class='ocrx_word' id='word_1_144' title='bbox 1088 2655 1122 2719; x_wconf 90' lang='lat' dir='ltr'><strong>Si</strong></span> <span class='ocrx_word' id='word_1_145' title='bbox 1138 2678 1215 2720; x_wconf 86' lang='lat' dir='ltr'><strong>vero</strong></span> <span class='ocrx_word' id='word_1_146' title='bbox 1229 2679 1249 2722; x_wconf 89' lang='lat' dir='ltr'><strong>a</strong></span> <span class='ocrx_word' id='word_1_147' title='bbox 1264 2658 1316 2723; x_wconf 87' lang='lat' dir='ltr'><strong>via</strong></span> 
     </span>
     <span class='ocr_line' id='line_1_21' title="bbox 359 2753 1314 2846; baseline 0.006 -27"><span class='ocrx_word' id='word_1_148' title='bbox 359 2755 521 2842; x_wconf 88' lang='lat' dir='ltr'><strong>paulisper</strong></span> <span class='ocrx_word' id='word_1_149' title='bbox 543 2753 740 2834; x_wconf 85' lang='lat' dir='ltr'><strong>deflexerint,</strong></span> <span class='ocrx_word' id='word_1_150' title='bbox 763 2776 826 2819; x_wconf 90' lang='lat' dir='ltr'><strong>non</strong></span> <span class='ocrx_word' id='word_1_151' title='bbox 850 2754 956 2820; x_wconf 86' lang='lat' dir='ltr'><strong>statim</strong></span> <span class='ocrx_word' id='word_1_152' title='bbox 980 2778 1213 2844; x_wconf 84' lang='lat' dir='ltr'><strong>usquequaque</strong></span> <span class='ocrx_word' id='word_1_153' title='bbox 1235 2760 1314 2846; x_wconf 89' lang='lat' dir='ltr'><strong>deji-</strong></span> 
     </span>
     <span class='ocr_line' id='line_1_22' title="bbox 359 2856 1312 2944; baseline 0.005 -23"><span class='ocrx_word' id='word_1_154' title='bbox 359 2858 501 2936; x_wconf 90' lang='lat' dir='ltr'><strong>ciuntur,</strong></span> <span class='ocrx_word' id='word_1_155' title='bbox 516 2856 571 2921; x_wconf 90' lang='lat' dir='ltr'><strong>sed</strong></span> <span class='ocrx_word' id='word_1_156' title='bbox 592 2856 750 2942; x_wconf 89' lang='lat' dir='ltr'><strong>patienter</strong></span> <span class='ocrx_word' id='word_1_157' title='bbox 772 2856 990 2943; x_wconf 88' lang='lat' dir='ltr'><strong>corripiuntur</strong></span> <span class='ocrx_word' id='word_1_158' title='bbox 1009 2856 1042 2922; x_wconf 90' lang='lat' dir='ltr'><strong>in</strong></span> <span class='ocrx_word' id='word_1_159' title='bbox 1058 2858 1199 2944; x_wconf 88' lang='lat' dir='ltr'><strong>justitia,</strong></span> <span class='ocrx_word' id='word_1_160' title='bbox 1213 2860 1312 2927; x_wconf 90' lang='lat' dir='ltr'><strong>donec</strong></span> 
     </span>
     <span class='ocr_line' id='line_1_23' title="bbox 358 2958 1311 3049; baseline 0.006 -27"><span class='ocrx_word' id='word_1_161' title='bbox 358 2959 413 3025; x_wconf 86' lang='lat' dir='ltr'><strong>fiat</strong></span> <span class='ocrx_word' id='word_1_162' title='bbox 430 2959 635 3046; x_wconf 91' lang='lat' dir='ltr'><strong>conspicuum</strong></span> <span class='ocrx_word' id='word_1_163' title='bbox 650 2981 703 3023; x_wconf 87' lang='lat' dir='ltr'><strong>eos</strong></span> <span class='ocrx_word' id='word_1_164' title='bbox 725 2958 903 3045; x_wconf 85' lang='lat' dir='ltr'><strong>pertinaces</strong></span> <span class='ocrx_word' id='word_1_165' title='bbox 924 2982 991 3023; x_wconf 89' lang='lat' dir='ltr'><strong>esse</strong></span> <span class='ocrx_word' id='word_1_166' title='bbox 1005 2960 1038 3023; x_wconf 93' lang='lat' dir='ltr'><strong>iu</strong></span> <span class='ocrx_word' id='word_1_167' title='bbox 1056 2961 1150 3026; x_wconf 89' lang='lat' dir='ltr'><strong>malo.</strong></span> <span class='ocrx_word' id='word_1_168' title='bbox 1198 2965 1311 3049; x_wconf 87' lang='lat' dir='ltr'><strong>Neque</strong></span> 
     </span>
     <span class='ocr_line' id='line_1_24' title="bbox 358 3061 1309 3148; baseline 0.007 -23"><span class='ocrx_word' id='word_1_169' title='bbox 358 3061 440 3126; x_wconf 90' lang='lat' dir='ltr'><strong>enim</strong></span> <span class='ocrx_word' id='word_1_170' title='bbox 463 3061 608 3125; x_wconf 88' lang='lat' dir='ltr'><strong>Roboam</strong></span> <span class='ocrx_word' id='word_1_171' title='bbox 630 3062 736 3125; x_wconf 87' lang='lat' dir='ltr'><strong>statim</strong></span> <span class='ocrx_word' id='word_1_172' title='bbox 759 3082 909 3125; x_wconf 83' lang='lat' dir='ltr'><strong>excussus</strong></span> <span class='ocrx_word' id='word_1_173' title='bbox 931 3074 980 3126; x_wconf 92' lang='lat' dir='ltr'><strong>est</strong></span> <span class='ocrx_word' id='word_1_174' title='bbox 995 3085 1014 3125; x_wconf 92' lang='lat' dir='ltr'><strong>a</strong></span> <span class='ocrx_word' id='word_1_175' title='bbox 1029 3061 1107 3127; x_wconf 92' lang='lat' dir='ltr'><strong>solio</strong></span> <span class='ocrx_word' id='word_1_176' title='bbox 1129 3064 1239 3148; x_wconf 86' lang='lat' dir='ltr'><strong>patris,</strong></span> <span class='ocrx_word' id='word_1_177' title='bbox 1255 3067 1309 3132; x_wconf 87' lang='lat' dir='ltr'><strong>sed</strong></span> 
     </span>
     <span class='ocr_line' id='line_1_25' title="bbox 356 3163 1309 3251; baseline 0.004 -22"><span class='ocrx_word' id='word_1_178' title='bbox 356 3189 396 3229; x_wconf 85' lang='lat' dir='ltr'><strong>ex</strong></span> <span class='ocrx_word' id='word_1_179' title='bbox 419 3188 484 3251; x_wconf 91' lang='lat' dir='ltr'><strong>quo</strong></span> <span class='ocrx_word' id='word_1_180' title='bbox 506 3164 662 3228; x_wconf 89' lang='lat' dir='ltr'><strong>seniorum</strong></span> <span class='ocrx_word' id='word_1_181' title='bbox 689 3174 873 3249; x_wconf 90' lang='lat' dir='ltr'><strong>contempto</strong></span> <span class='ocrx_word' id='word_1_182' title='bbox 897 3163 1038 3241; x_wconf 87' lang='lat' dir='ltr'><strong>consilio,</strong></span> <span class='ocrx_word' id='word_1_183' title='bbox 1060 3164 1189 3231; x_wconf 88' lang='lat' dir='ltr'><strong>recessit</strong></span> <span class='ocrx_word' id='word_1_184' title='bbox 1214 3190 1234 3233; x_wconf 89' lang='lat' dir='ltr'><strong>a</strong></span> <span class='ocrx_word' id='word_1_185' title='bbox 1259 3167 1309 3232; x_wconf 87' lang='lat' dir='ltr'><strong>via</strong></span> 
     </span>
     <span class='ocr_line' id='line_1_26' title="bbox 356 3264 1307 3353; baseline 0 -19"><span class='ocrx_word' id='word_1_186' title='bbox 356 3266 543 3342; x_wconf 88' lang='lat' dir='ltr'><strong>Salomonis,</strong></span> <span class='ocrx_word' id='word_1_187' title='bbox 569 3288 650 3330; x_wconf 91' lang='lat' dir='ltr'><strong>onus</strong></span> <span class='ocrx_word' id='word_1_188' title='bbox 678 3264 881 3351; x_wconf 89' lang='lat' dir='ltr'><strong>importabile</strong></span> <span class='ocrx_word' id='word_1_189' title='bbox 910 3265 1018 3330; x_wconf 83' lang='lat' dir='ltr'><strong>voleus</strong></span> <span class='ocrx_word' id='word_1_190' title='bbox 1048 3266 1211 3353; x_wconf 90' lang='lat' dir='ltr'><strong>imponere</strong></span> <span class='ocrx_word' id='word_1_191' title='bbox 1235 3268 1307 3335; x_wconf 87' lang='lat' dir='ltr'><strong>filiis</strong></span> 
     </span>
     <span class='ocr_line' id='line_1_27' title="bbox 356 3366 1306 3456; baseline 0 -22"><span class='ocrx_word' id='word_1_192' title='bbox 356 3367 465 3434; x_wconf 89' lang='lat' dir='ltr'><strong>Israel.</strong></span> <span class='ocrx_word' id='word_1_193' title='bbox 489 3373 714 3432; x_wconf 88' lang='lat' dir='ltr'><strong>Verumtamen</strong></span> <span class='ocrx_word' id='word_1_194' title='bbox 726 3366 855 3432; x_wconf 88' lang='lat' dir='ltr'><strong>scissum</strong></span> <span class='ocrx_word' id='word_1_195' title='bbox 866 3380 914 3432; x_wconf 88' lang='lat' dir='ltr'><strong>est</strong></span> <span class='ocrx_word' id='word_1_196' title='bbox 924 3391 1055 3453; x_wconf 81' lang='lat' dir='ltr'><strong>regnum</strong></span> <span class='ocrx_word' id='word_1_197' title='bbox 1069 3370 1150 3456; x_wconf 91' lang='lat' dir='ltr'><strong>ejus,</strong></span> <span class='ocrx_word' id='word_1_198' title='bbox 1161 3369 1306 3437; x_wconf 88' lang='lat' dir='ltr'><strong>receden-</strong></span> 
     </span>
     <span class='ocr_line' id='line_1_28' title="bbox 353 3468 1303 3556; baseline 0.001 -21"><span class='ocrx_word' id='word_1_199' title='bbox 353 3471 441 3536; x_wconf 90' lang='lat' dir='ltr'><strong>tibus</strong></span> <span class='ocrx_word' id='word_1_200' title='bbox 463 3468 569 3532; x_wconf 88' lang='lat' dir='ltr'><strong>decem</strong></span> <span class='ocrx_word' id='word_1_201' title='bbox 591 3468 741 3533; x_wconf 90' lang='lat' dir='ltr'><strong>tribubus</strong></span> <span class='ocrx_word' id='word_1_202' title='bbox 760 3482 833 3556; x_wconf 91' lang='lat' dir='ltr'><strong>post</strong></span> <span class='ocrx_word' id='word_1_203' title='bbox 857 3470 1051 3535; x_wconf 88' lang='lat' dir='ltr'><strong>Hieroboam</strong></span> <span class='ocrx_word' id='word_1_204' title='bbox 1074 3494 1201 3537; x_wconf 88' lang='lat' dir='ltr'><strong>servum</strong></span> <span class='ocrx_word' id='word_1_205' title='bbox 1218 3472 1303 3537; x_wconf 89' lang='lat' dir='ltr'><strong>Salo·</strong></span> 
     </span>
     <span class='ocr_line' id='line_1_29' title="bbox 352 3571 1301 3659; baseline 0.003 -23"><span class='ocrx_word' id='word_1_206' title='bbox 352 3573 464 3648; x_wconf 89' lang='lat' dir='ltr'><strong>monis,</strong></span> <span class='ocrx_word' id='word_1_207' title='bbox 480 3574 674 3658; x_wconf 80' lang='lat' dir='ltr'><strong>fueruntque</strong></span> <span class='ocrx_word' id='word_1_208' title='bbox 689 3594 787 3658; x_wconf 88' lang='lat' dir='ltr'><strong>regna</strong></span> <span class='ocrx_word' id='word_1_209' title='bbox 808 3571 920 3648; x_wconf 87' lang='lat' dir='ltr'><strong>divisa,</strong></span> <span class='ocrx_word' id='word_1_210' title='bbox 936 3572 1013 3637; x_wconf 88' lang='lat' dir='ltr'><strong>duur</strong></span> <span class='ocrx_word' id='word_1_211' title='bbox 1036 3596 1170 3659; x_wconf 82' lang='lat' dir='ltr'><strong>regnum</strong></span> <span class='ocrx_word' id='word_1_212' title='bbox 1191 3574 1301 3640; x_wconf 91' lang='lat' dir='ltr'><strong>habuit</strong></span> 
     </span>
     <span class='ocr_line' id='line_1_30' title="bbox 351 3674 1301 3761; baseline 0.003 -24"><span class='ocrx_word' id='word_1_213' title='bbox 351 3676 375 3737; x_wconf 79' lang='lat' dir='ltr'><strong>‚J</strong></span> <span class='ocrx_word' id='word_1_214' title='bbox 378 3674 441 3737; x_wconf 91' lang='lat' dir='ltr'><strong>uda</strong></span> <span class='ocrx_word' id='word_1_215' title='bbox 456 3674 507 3737; x_wconf 88' lang='lat' dir='ltr'><strong>vel</strong></span> <span class='ocrx_word' id='word_1_216' title='bbox 523 3674 632 3740; x_wconf 89' lang='lat' dir='ltr'><strong>Israel.</strong></span> <span class='ocrx_word' id='word_1_217' title='bbox 680 3674 783 3739; x_wconf 87' lang='lat' dir='ltr'><strong>Sensit</strong></span> <span class='ocrx_word' id='word_1_218' title='bbox 804 3697 881 3759; x_wconf 87' lang='lat' dir='ltr'><strong>ergo</strong></span> <span class='ocrx_word' id='word_1_219' title='bbox 896 3674 936 3738; x_wconf 91' lang='lat' dir='ltr'><strong>de</strong></span> <span class='ocrx_word' id='word_1_220' title='bbox 950 3675 1151 3741; x_wconf 84' lang='lat' dir='ltr'><strong>contumacia</strong></span> <span class='ocrx_word' id='word_1_221' title='bbox 1165 3699 1301 3761; x_wconf 82' lang='lat' dir='ltr'><strong>posnam,</strong></span> 
     </span>
     <span class='ocr_line' id='line_1_31' title="bbox 351 3775 1300 3862; baseline 0.003 -22"><span class='ocrx_word' id='word_1_222' title='bbox 351 3776 391 3840; x_wconf 93' lang='lat' dir='ltr'><strong>de</strong></span> <span class='ocrx_word' id='word_1_223' title='bbox 410 3775 515 3860; x_wconf 86' lang='lat' dir='ltr'><strong>gratia</strong></span> <span class='ocrx_word' id='word_1_224' title='bbox 535 3775 596 3839; x_wconf 93' lang='lat' dir='ltr'><strong>Dei</strong></span> <span class='ocrx_word' id='word_1_225' title='bbox 617 3787 648 3839; x_wconf 93' lang='lat' dir='ltr'><strong>et</strong></span> <span class='ocrx_word' id='word_1_226' title='bbox 669 3775 835 3861; x_wconf 85' lang='lat' dir='ltr'><strong>privilegio</strong></span> <span class='ocrx_word' id='word_1_227' title='bbox 857 3779 1021 3862; x_wconf 87' lang='lat' dir='ltr'><strong>sauguinis</strong></span> <span class='ocrx_word' id='word_1_228' title='bbox 1043 3777 1300 3854; x_wconf 88' lang='lat' dir='ltr'><strong>misericordiam,</strong></span> 
     </span>
     <span class='ocr_line' id='line_1_32' title="bbox 348 3875 1299 3966; baseline 0 -21"><span class='ocrx_word' id='word_1_229' title='bbox 348 3891 383 3945; x_wconf 91' lang='lat' dir='ltr'><strong>ut</strong></span> <span class='ocrx_word' id='word_1_230' title='bbox 400 3900 457 3943; x_wconf 86' lang='lat' dir='ltr'><strong>rex</strong></span> <span class='ocrx_word' id='word_1_231' title='bbox 477 3875 606 3962; x_wconf 90' lang='lat' dir='ltr'><strong>quidem</strong></span> <span class='ocrx_word' id='word_1_232' title='bbox 630 3889 782 3955; x_wconf 88' lang='lat' dir='ltr'><strong>maneret,</strong></span> <span class='ocrx_word' id='word_1_233' title='bbox 798 3877 854 3942; x_wconf 92' lang='lat' dir='ltr'><strong>sed</strong></span> <span class='ocrx_word' id='word_1_234' title='bbox 874 3901 989 3964; x_wconf 86' lang='lat' dir='ltr'><strong>magna</strong></span> <span class='ocrx_word' id='word_1_235' title='bbox 1008 3877 1097 3964; x_wconf 86' lang='lat' dir='ltr'><strong>regui</strong></span> <span class='ocrx_word' id='word_1_236' title='bbox 1119 3891 1212 3966; x_wconf 91' lang='lat' dir='ltr'><strong>parte</strong></span> <span class='ocrx_word' id='word_1_237' title='bbox 1233 3902 1299 3945; x_wconf 89' lang='lat' dir='ltr'><strong>mu·</strong></span> 
     </span>
     <span class='ocr_line' id='line_1_33' title="bbox 346 3976 1299 4058; baseline -0.002 -10"><span class='ocrx_word' id='word_1_238' title='bbox 346 3982 468 4048; x_wconf 89' lang='lat' dir='ltr'><strong>tilatus.</strong></span> <span class='ocrx_word' id='word_1_239' title='bbox 519 3976 616 4041; x_wconf 92' lang='lat' dir='ltr'><strong>Unde</strong></span> <span class='ocrx_word' id='word_1_240' title='bbox 645 3977 704 4041; x_wconf 93' lang='lat' dir='ltr'><strong>hoc</strong></span> <span class='ocrx_word' id='word_1_241' title='bbox 734 3978 805 4042; x_wconf 83' lang='lat' dir='ltr'><strong>illi?</strong></span> <span class='ocrx_word' id='word_1_242' title='bbox 843 3981 927 4058; x_wconf 80' lang='lat' dir='ltr'><strong>Quia</strong></span> <span class='ocrx_word' id='word_1_243' title='bbox 953 3980 1129 4047; x_wconf 89' lang='lat' dir='ltr'><strong>adhaeserat</strong></span> <span class='ocrx_word' id='word_1_244' title='bbox 1160 3981 1299 4046; x_wconf 87' lang='lat' dir='ltr'><strong>consiliis</strong></span> 
     </span>
     <span class='ocr_line' id='line_1_34' title="bbox 343 4081 1295 4173; baseline -0.004 -23"><span class='ocrx_word' id='word_1_245' title='bbox 343 4088 512 4173; x_wconf 92' lang='lat' dir='ltr'><strong>juvenum,</strong></span> <span class='ocrx_word' id='word_1_246' title='bbox 539 4091 741 4145; x_wconf 88' lang='lat' dir='ltr'><strong>contemnens</strong></span> <span class='ocrx_word' id='word_1_247' title='bbox 767 4081 833 4146; x_wconf 88' lang='lat' dir='ltr'><strong>vias</strong></span> <span class='ocrx_word' id='word_1_248' title='bbox 858 4096 891 4148; x_wconf 91' lang='lat' dir='ltr'><strong>et</strong></span> <span class='ocrx_word' id='word_1_249' title='bbox 916 4096 1081 4170; x_wconf 67' lang='lat' dir='ltr'><strong>precepta</strong></span> <span class='ocrx_word' id='word_1_250' title='bbox 1104 4083 1295 4170; x_wconf 75' lang='lat' dir='ltr'><strong>prudentie.</strong></span> 
     </span>
     <span class='ocr_line' id='line_1_35' title="bbox 346 4182 1297 4276; baseline -0.006 -21"><span class='ocrx_word' id='word_1_251' title='bbox 346 4184 547 4276; x_wconf 85' lang='lat' dir='ltr'><strong>Impossibile</strong></span> <span class='ocrx_word' id='word_1_252' title='bbox 569 4182 651 4247; x_wconf 92' lang='lat' dir='ltr'><strong>enim</strong></span> <span class='ocrx_word' id='word_1_253' title='bbox 676 4194 734 4260; x_wconf 89' lang='lat' dir='ltr'><strong>est,</strong></span> <span class='ocrx_word' id='word_1_254' title='bbox 758 4195 795 4249; x_wconf 93' lang='lat' dir='ltr'><strong>ut</strong></span> <span class='ocrx_word' id='word_1_255' title='bbox 820 4185 989 4250; x_wconf 89' lang='lat' dir='ltr'><strong>salubriter</strong></span> <span class='ocrx_word' id='word_1_256' title='bbox 1010 4185 1160 4270; x_wconf 90' lang='lat' dir='ltr'><strong>disponat</strong></span> <span class='ocrx_word' id='word_1_257' title='bbox 1183 4185 1297 4271; x_wconf 91' lang='lat' dir='ltr'><strong>priuci-</strong></span> 
     </span>
     <span class='ocr_line' id='line_1_36' title="bbox 343 4285 1296 4376; baseline 0 -22"><span class='ocrx_word' id='word_1_258' title='bbox 343 4303 467 4375; x_wconf 89' lang='lat' dir='ltr'><strong>patum,</strong></span> <span class='ocrx_word' id='word_1_259' title='bbox 482 4287 538 4374; x_wconf 91' lang='lat' dir='ltr'><strong>qui</strong></span> <span class='ocrx_word' id='word_1_260' title='bbox 554 4309 616 4351; x_wconf 95' lang='lat' dir='ltr'><strong>non</strong></span> <span class='ocrx_word' id='word_1_261' title='bbox 632 4285 698 4372; x_wconf 88' lang='lat' dir='ltr'><strong>agit</strong></span> <span class='ocrx_word' id='word_1_262' title='bbox 713 4285 845 4352; x_wconf 91' lang='lat' dir='ltr'><strong>consilio</strong></span> <span class='ocrx_word' id='word_1_263' title='bbox 860 4288 1051 4373; x_wconf 86' lang='lat' dir='ltr'><strong>sapientum.</strong></span> <span class='ocrx_word' id='word_1_264' title='bbox 1091 4288 1160 4366; x_wconf 87' lang='lat' dir='ltr'><strong>Vae,</strong></span> <span class='ocrx_word' id='word_1_265' title='bbox 1175 4289 1296 4376; x_wconf 90' lang='lat' dir='ltr'><strong>iuquit,</strong></span> 
     </span>
    </p>
   </div>
   <div class='ocr_carea' id='block_1_3' title="bbox 0 0 1660 5309">
    <p class='ocr_par' dir='ltr' id='par_1_3' title="bbox 0 0 1660 5309">
     <span class='ocr_line' id='line_1_37' title="bbox 0 0 1660 5309; baseline 0 16"><span class='ocrx_word' id='word_1_266' title='bbox 0 0 1660 5309; x_wconf 95' lang='lat' dir='ltr'><strong> </strong></span> 
     </span>
    </p>
   </div>
  </div>
 </body>
</html>
