3309 5309
215 668 284 715 cae.
300 654 401 734 xx11.]
563 674 815 720 ronrcafflous.
1101 660 1162 719 11⁷

213 821 292 907 quid
309 824 438 910 proprie
450 823 578 905 dicitur,
589 826 740 889 veraciter
755 825 923 890 indicatur.
961 829 1068 900 Quum
1084 848 1164 911 ergo

211 925 318 1008 ipsum
343 924 464 1011 aliquid
490 927 681 1011 praenovisse
710 927 871 1004 audimus,
893 929 1022 992 minime
1047 928 1162 992 intelli·

212 1025 318 1109 gimus
331 1026 423 1093 fluxu
440 1029 591 1115 temporis
608 1031 678 1116 ejus
692 1030 882 1115 praeteriisse
897 1030 1057 1094 scientiam
1072 1056 1080 1105 3
1107 1030 1162 1094 sed

214 1125 240 1190 si
261 1129 431 1193 verborum
452 1142 597 1195 naturam
621 1131 794 1217 sequimur,
810 1135 1004 1216 praecessisse
1026 1143 1163 1217 tempus,

215 1251 282 1314 quo
311 1229 464 1295 veraciter
498 1232 658 1309 credatur,
679 1234 760 1318 ejuS,
790 1233 878 1319 quod
913 1233 1058 1297 futurum
1080 1247 1161 1310 erat,

212 1326 361 1394 habuisse
375 1331 531 1396 notitiam.
568 1332 620 1396 Sic
635 1332 746 1418 utique
760 1355 835 1396 eum
849 1332 890 1396 ab
904 1344 1024 1397 aeterno
1038 1347 1161 1399 certum

212 1439 260 1492 est
275 1430 382 1494 omnia
401 1431 597 1517 praevidisse,
610 1454 672 1496 non
693 1432 781 1517 quod
803 1432 884 1497 visui
906 1433 975 1517 ejus
989 1447 1079 1498 motu
1103 1456 1163 1498 suo

212 1529 385 1616 quicquam
406 1533 573 1599 subtrahat
595 1548 733 1618 tempus,
753 1533 819 1612 sed,
838 1532 916 1617 quia
938 1533 995 1617 qui
1018 1534 1163 1598 universo

211 1643 355 1718 tempore
370 1647 484 1700 natura
500 1637 586 1721 prior
601 1650 659 1714 est,
675 1658 751 1701 suus
765 1636 871 1698 omnia
886 1656 1009 1719 semper
1023 1658 1164 1721 compre·
1242 1684 1248 1699 ,

212 1733 333 1800 hendat
352 1750 507 1823 aspectus.
553 1739 637 1824 Ejus
656 1760 733 1822 ergo
752 1737 953 1822 providentia
975 1735 1007 1799 in
1028 1736 1077 1799 sui
1099 1736 1163 1800 dis·

211 1835 370 1920 positione
383 1859 447 1901 non
462 1837 595 1917 fallitur,
607 1841 684 1924 quia
698 1860 766 1901 eam
784 1859 908 1922 semper
920 1835 1046 1921 sequela
1060 1836 1165 1921 operis

211 1937 392 2003 comitatur.
438 1939 500 2002 Sed
519 1962 575 2003 nec
597 1940 665 2004 falli
687 1952 804 2025 potest,
819 1938 897 2025 quia
918 1960 975 2000 uec
997 1959 1036 2000 ex
1057 1950 1163 2002 muta·

210 2037 337 2103 bilitate
352 2063 467 2119 rerum,
484 2064 540 2107 nec
556 2064 595 2105 ex
608 2040 758 2126 temporis
771 2041 861 2125 suga,
872 2053 929 2104 aut
943 2039 1162 2116 versibilitate,

211 2153 317 2226 potest
331 2143 453 2229 aliquid
465 2142 685 2209 absconditum
697 2167 763 2206 esse
773 2144 814 2207 ab
828 2142 928 2206 oculis
939 2142 1019 2228 ejus.
1049 2141 1163 2205 Homi-

212 2241 262 2306 nis
285 2266 360 2307 vero
380 2244 449 2308 ialli
471 2259 588 2331 potest,
609 2258 640 2310 et
660 2244 782 2309 fallitur
803 2243 979 2329 dispositio,
1003 2243 1079 2329 quia
1101 2266 1160 2319 res,

211 2344 304 2429 cujus
316 2345 402 2430 apud
419 2369 451 2409 se
462 2345 680 2431 praefiguravit
696 2346 841 2432 speciem,
853 2368 1000 2431 processu
1013 2347 1165 2432 temporis

212 2456 270 2509 aut
285 2447 412 2510 omnino
427 2469 488 2511 non
504 2451 621 2526 evenit,
635 2460 691 2512 aut
707 2451 739 2512 in
754 2447 816 2511 alia
831 2448 933 2532 specie
947 2448 981 2511 in
995 2447 1162 2533 publicum

212 2547 367 2631 procedit.
417 2551 485 2614 Nec
515 2562 620 2614 tamen
649 2555 861 2636 quaecumque
889 2549 1044 2635 praeteriti
1074 2550 1163 2614 verbi

211 2647 439 2732 significatione
450 2651 657 2729 clauduntur,
669 2653 763 2715 rebus
778 2663 854 2714 sunt
865 2650 1068 2735 aggreganda
1082 2673 1165 2736 prae·

211 2749 325 2816 teritis.
358 2755 425 2818 Nec
441 2755 466 2820 si
482 2778 532 2818 me
547 2756 664 2818 vixisse
679 2753 840 2839 profitear,
855 2751 987 2816 florente
1001 2752 1165 2838 Peripate·

212 2851 277 2919 tico
291 2855 448 2936 Palatino,
459 2856 530 2920 ideo
541 2856 619 2918 mihi
634 2855 730 2920 vitam
743 2853 892 2939 elapsam,
903 2866 957 2919 aut
970 2856 1165 2939 proete'ritam

211 2977 277 3019 esse
298 2957 459 3021 confiteor.
504 2961 574 3022 Aut
598 2957 623 3020 si
646 2957 686 3020 ab
709 2956 866 3035 Arrianis,
886 2957 1036 3041 Eugenio
1058 2955 1166 3040 praesi-

210 3056 537 3136 dente,dissensi‚non
548 3060 589 3123 ob
598 3058 752 3143 praeteriti
763 3062 913 3144 temporis
921 3056 1165 3142 gratiamafidei

211 3169 245 3222 et
269 3158 474 3222 confessionis
499 3158 586 3222 illius
610 3159 791 3244 integritate
814 3160 941 3224 diverti.
990 3157 1164 3235 Caeterum,

211 3263 289 3346 quia
314 3261 507 3346 quandoque
529 3283 640 3325 verum
666 3262 730 3325 fuit
752 3261 866 3342 dicere,
889 3265 985 3326 Nunc
1011 3262 1096 3339 vivo,
1119 3261 1164 3325 sic

211 3361 325 3436 sentio,
347 3359 508 3446 eleganter
527 3374 559 3426 et
580 3384 653 3425 vere
673 3363 774 3425 fateor
795 3362 828 3424 in
850 3362 1066 3447 sequentibus,
1086 3363 1164 3449 quia

211 3475 290 3528 tunc
305 3464 383 3544 vixi,
398 3476 430 3528 et
445 3466 489 3530 sic
505 3465 598 3543 sensi,
611 3487 668 3529 nec
683 3477 786 3529 tamen
802 3462 901 3528 vitam
914 3465 1098 3551 praeteriisse
1113 3465 1163 3528 vel

213 3585 353 3632 sensum.
400 3564 471 3630 Scio
489 3579 594 3631 tamen
618 3566 691 3651 quis
706 3565 835 3642 dixerit,
851 3567 927 3651 quia
947 3569 980 3630 in
999 3567 1058 3631 hoc
1079 3589 1163 3631 erra-

213 3691 296 3743 mus,
324 3668 410 3755 quod
437 3681 570 3732 mortem
597 3691 659 3731 non
685 3668 907 3753 prospicimus.
943 3672 1064 3754 Magna
1090 3693 1163 3754 pars

212 3771 283 3856 ejus
300 3771 368 3856 jam
391 3771 553 3855 praeteriit.
591 3769 754 3856 Quicquid
777 3771 882 3834 aetatis
902 3783 988 3834 retro
1002 3786 1060 3845 est,
1078 3795 1163 3836 mors

213 3884 311 3936 tenet.
356 3873 419 3938 Sed
442 3886 527 3936 certe
545 3873 570 3935 si
585 3871 613 3934 ei
637 3870 731 3935 semel
753 3870 865 3936 fuisset
887 3871 954 3935 vita
975 3872 1091 3959 elapsa,
1106 3890 1163 3939 aut

213 3972 275 4036 hoc
295 3974 422 4038 omnino
437 3997 501 4038 non
520 3974 649 4049 diceret,
665 3985 721 4037 aut
743 3972 862 4037 diceret
879 3973 1049 4039 redivivus.
1089 3981 1163 4039 Non

214 4088 263 4140 est
279 4098 355 4161 ergo
377 4099 500 4140 necesse
520 4076 708 4161 praeteriisse
730 4075 887 4160 quicquid
909 4077 1065 4159 praeteriti
1084 4092 1162 4139 tem·

214 4179 301 4265 poris
310 4178 506 4264 significatur
519 4180 626 4255 verbo,
636 4191 667 4242 et
677 4177 749 4241 licet
761 4179 975 4262 praedestinati
987 4178 1049 4242 sint
1060 4178 1161 4253 multi,

212 4301 275 4345 non
287 4278 361 4344 ideo
376 4279 450 4364 quia
465 4279 555 4343 electi
571 4293 654 4355 sunt,
671 4278 824 4363 praeteriit
840 4276 1086 4361 praedestinatio.
1119 4280 1163 4341 Et
