3309 5309
349 668 408 726 110
603 681 739 725 ausurus
754 676 1035 726 sARESBERIENsls
1159 664 1245 738 [ma.
1262 680 1300 724 11.

345 829 586 915 complectatur,
597 829 629 893 in
642 852 743 914 eoque
759 841 881 914 patrem
894 829 1051 893 luminum
1068 829 1227 914 sequitur,
1244 829 1300 892 sed

346 953 407 994 non
420 930 569 1015 passibus
581 930 693 1015 aequis,
707 953 805 1015 quum
816 930 867 993 hie
879 931 1000 1006 multis,
1016 930 1069 994 ille
1081 952 1157 993 vero
1171 930 1302 993 omnino

346 1032 427 1096 nulli
449 1030 551 1097 motui
573 1032 731 1096 obnoxius
757 1033 807 1097 sit.
854 1034 962 1110 Quum
985 1055 1061 1096 vero
1090 1031 1206 1096 divinoe
1229 1031 1303 1095 sim-

347 1133 498 1218 plicitatis
516 1144 662 1219 aspectus
681 1131 922 1198 innumerabilia
936 1133 1077 1213 claudat,
1092 1155 1156 1196 una
1171 1145 1298 1198 tantum

347 1249 406 1312 est,
429 1247 461 1300 et
483 1235 649 1300 individua
664 1235 841 1298 substantia
857 1235 1062 1320 praescientis,
1081 1234 1176 1319 eique
1199 1257 1300 1298 essen-

235 1381 237 1385 .
347 1335 464 1400 tialiter
477 1360 548 1412 una,
565 1358 665 1421 quum
676 1336 736 1400 sibi
753 1335 792 1400 sit
803 1336 886 1399 idem
896 1359 974 1412 esse,
986 1350 1018 1398 et
1033 1335 1207 1420 sapientem
1224 1357 1301 1399 esse.

349 1436 499 1523 Alioquin
519 1437 618 1521 fingat
634 1436 689 1521 qui
704 1448 820 1521 potest,
837 1437 910 1521 quis
925 1437 993 1500 haec
1008 1435 1133 1499 diversa
1147 1436 1303 1521 conjunx-

348 1537 419 1610 erit,
435 1560 492 1601 nec
507 1538 610 1623 prima
629 1560 735 1600 rerum
753 1537 896 1600 omnium
912 1559 1006 1603 causa
1020 1536 1091 1613 erit,
1107 1558 1181 1621 quoe
1197 1548 1234 1600 ut
1251 1536 1301 1610 sit,

348 1639 579 1724 conjunctionis
604 1636 796 1703 adminiculo
821 1652 904 1723 eget.
950 1641 1115 1704 Creaturae
1142 1660 1217 1700 vero
1244 1638 1302 1701 sci-

349 1741 445 1817 entia,
458 1740 551 1827 longe
563 1741 698 1826 disparis
709 1740 899 1804 conditionis
909 1754 968 1805 est.
999 1739 1133 1826 Spiritui
1145 1738 1300 1823 siquidem

349 1856 381 1907 et
397 1844 510 1907 animae
525 1867 588 1907 aon
610 1857 657 1907 est
680 1844 764 1907 idem
781 1865 858 1920 esse,
882 1856 913 1907 et
926 1843 1074 1906 scientem
1097 1864 1175 1917 esse,
1200 1862 1301 1926 quum

349 1945 454 2009 anima
479 1946 667 2031 disponatur
693 1946 732 2009 ad
758 1945 972 2030 cognitionem
998 1966 1117 2018 rerum,
1144 1965 1248 2028 eaque
1274 1945 1301 2006 si

350 2044 490 2109 radicata
502 2044 608 2120 luerit,
624 2065 673 2122 ut,
689 2047 793 2131 primo
807 2045 981 2111 affectionis
997 2057 1084 2108 motu
1095 2043 1301 2116 invalescens,

350 2159 407 2210 aut
436 2148 575 2224 omnino,
601 2161 658 2212 aut
689 2148 753 2211 sine
778 2148 897 2233 injuria
927 2160 1050 2211 naturae
1076 2143 1213 2210 convelli
1238 2168 1301 2208 uon

352 2250 463 2333 possit,
486 2248 598 2312 habitu
625 2273 682 2312 suo
707 2249 857 2314 informat
888 2251 1036 2327 animam,
1057 2248 1220 2331 faciatque
1245 2249 1302 2310 sci-

351 2362 465 2414 entem.
511 2352 576 2415 Hie
595 2374 671 2435 ergo
691 2351 830 2426 habitus,
847 2351 1020 2417 rectissime
1042 2349 1171 2413 scientia
1193 2347 1301 2435 appel-

353 2450 448 2528 latur,
463 2451 536 2516 licet
552 2465 583 2516 et
599 2475 648 2516 res
663 2454 813 2538 subjectae
830 2452 989 2517 interdum
1014 2451 1153 2515 scientiae
1175 2450 1301 2513 nomine

352 2565 548 2618 censeantur.
594 2553 689 2619 Unde
711 2567 743 2618 et
768 2552 904 2617 vicissim
931 2552 1112 2616 nominibus
1134 2551 1300 2625 mutuatis,

351 2653 439 2740 quod
463 2655 557 2720 unius
579 2668 637 2732 est,
662 2657 774 2720 transit
796 2655 838 2719 ad
861 2655 1005 2718 alterum.
1053 2653 1104 2717 Sic
1132 2655 1247 2737 utique
1271 2664 1301 2716 et

352 2756 482 2820 scientia
493 2755 610 2821 dicitur
630 2756 743 2834 multa,
759 2778 860 2841 quum
874 2769 977 2820 tamen
990 2752 1174 2827 multitudo,
1197 2775 1302 2816 rerum

352 2856 459 2941 potius
475 2881 570 2943 quam
583 2857 729 2934 ,scientiae
744 2859 795 2922 sit.
842 2858 875 2920 Si
895 2879 971 2941 ergo
986 2854 1149 2941 sapientiae
1164 2854 1225 2918 Dei
1246 2854 1303 2917 im·

351 2959 500 3025 mensitas
514 2975 546 3024 ct
562 2959 746 3044 simplicitas
766 2957 961 3031 attendatur,
978 2980 1042 3021 una
1057 2970 1105 3021 est
1120 2956 1254 3041 simplex
1270 2968 1301 3020 et

352 3058 527 3126 individua.
567 3063 601 3125 Si
617 3060 848 3146 subjacentium
869 3057 1057 3136 multitude,
1071 3056 1242 3141 multiplex
1255 3071 1301 3121 est

353 3174 385 3226 et
411 3163 624 3227 multiformis.
671 3161 722 3226 Sic
752 3163 847 3226 etiam
875 3161 900 3224 si
927 3159 1136 3225 substantiam
1167 3158 1302 3223 volentis

319 3261 324 3269 ’
352 3277 409 3329 aut
424 3268 561 3351 potentis
584 3288 649 3354 qua
672 3265 753 3339 vult,
770 3277 827 3328 aut
843 3275 960 3349 potest,
981 3261 1139 3336 attendas,
1163 3283 1228 3324 una
1253 3274 1300 3326 est

353 3365 500 3429 voluntas
522 3379 553 3430 et
576 3378 727 3450 potestas.
772 3365 806 3431 Si
833 3388 905 3449 quae
931 3363 1002 3428 vult
1027 3376 1059 3427 et
1086 3384 1158 3447 quae
1184 3373 1300 3447 potest,

353 3464 496 3530 infinitus
518 3467 658 3530 omnium
681 3489 832 3531 numerus
853 3477 919 3544 est;
944 3466 1043 3551 juxta
1063 3462 1143 3528 illud
1165 3462 1302 3549 prophe-

354 3566 464 3644 ticum,
488 3571 628 3652 Magnus
654 3572 814 3635 Dominus
839 3581 871 3632 et
897 3591 1013 3654 magna
1036 3568 1139 3631 virtus
1161 3567 1243 3652 ejus,
1271 3578 1302 3629 et

355 3667 516 3753 sapientiae
538 3670 607 3756 ejus
629 3694 691 3736 non
714 3685 763 3736 est
788 3691 947 3735 numerus.
995 3672 1153 3754 Itemque,
1182 3669 1306 3752 Magna

355 3791 452 3854 opera
473 3772 616 3849 Domini,
638 3773 800 3861 exquisita
825 3773 858 3836 in
883 3795 992 3837 omnes
1017 3771 1196 3835 voluntates
1222 3770 1304 3854 ejus.

355 3873 401 3935 Et
413 3869 503 3952 illud,
514 3874 594 3950 Quis
602 3873 752 3960 loquetur
761 3876 920 3961 potentias
932 3874 1082 3939 Domini?
1107 3873 1189 3936 Haec
1198 3885 1304 3935 autem

355 3995 405 4037 res
427 3973 593 4038 uniformis
614 3989 646 4040 et
667 3976 765 4052 varia,
790 3977 864 4042 licet
887 3977 987 4042 totius
1010 3974 1168 4040 varietatis
1193 3974 1305 4058 ignara

355 4076 408 4156 sit,
423 4075 518 4141 variis
538 4088 643 4140 tamen
664 4077 844 4142 nominibus
863 4080 1056 4165 appellatur,
1072 4075 1126 4140 sed
1150 4097 1190 4139 ex
1210 4074 1305 4138 variis

355 4179 466 4244 causis.
512 4178 651 4245 Scientia
673 4177 830 4264 siquidem
851 4192 883 4245 et
905 4179 1113 4266 praescientia,
1130 4176 1307 4262 dispositio,

345 4284 568 4369 providentia,
589 4293 620 4345 et
643 4281 880 4367 praedestinatio
902 4283 1115 4346 nominantur.
1162 4278 1225 4341 Sed
1249 4277 1305 4342 sci·
