3309 5309
344 656 407 719 800
592 669 728 715 ausurus
745 663 1025 712 SARESBERIErtsls
1163 643 1246 722 [ms.
1262 661 1293 707 ν.

348 823 478 902 tutiore,
499 833 531 886 et
557 819 614 897 eis,
637 818 725 905 quod
746 840 872 883 necesse
896 827 955 896 est,
977 813 1146 890 ministrat,
1163 837 1222 878 nec
1242 838 1298 881 un-

348 947 445 1013 quam
472 923 537 988 sine
564 920 674 986 salutis
704 943 769 985 sure
798 915 977 1003 dispendio,
1002 914 1216 980 exterioribus
1243 939 1297 980 ex-

349 1038 524 1114 ponuntur.
568 1027 704 1108 Oportet
724 1033 831 1086 sutem
848 1019 879 1084 in
896 1018 1061 1104 republica
1076 1018 1158 1082 hanc
1173 1030 1296 1084 nuturae

347 1128 470 1216 opificis
484 1125 601 1192 servari
613 1125 794 1209 imaginem,
805 1136 839 1188 et
850 1123 900 1187 his
914 1120 1160 1186 necessariorum
1175 1121 1300 1208 copiam

350 1231 391 1297 de
405 1229 535 1316 publico
549 1225 730 1292 ministrari.

354 1505 433 1589 Cap.
453 1508 501 1568 10.
524 1504 578 1568 De
592 1501 748 1566 luteribus
761 1507 965 1583 potestatum,
981 1521 1117 1582 quorum
1130 1503 1303 1565 necessitas

395 1607 553 1690 septeredo
569 1612 625 1678 est,
642 1605 768 1668 molitio
782 1603 999 1688 reprimendo,
1013 1603 1059 1684 [et
1068 1604 1107 1666 de
1120 1605 1302 1683 causidicis,

396 1729 529 1790 quorum
550 1710 667 1788 tingite
687 1705 875 1786 damnifica,
897 1705 964 1767 nisi
979 1704 1122 1787 sonibus
1141 1708 1303 1786 argenteis

396 1813 505 1874 uincta
522 1811 643 1892 suerit,
665 1808 703 1870 de
724 1826 894 1870 munerum
917 1806 1142 1888 acceptoribus,
1165 1813 1197 1870 et
1219 1807 1304 1889 quod

396 1933 517 1976 munus
536 1920 584 1975 est
596 1933 617 1974 a
632 1929 744 1985 mauu,
759 1932 780 1973 o
795 1929 906 1984 causo,
922 1932 944 1972 n
960 1915 1110 1991 tempore,
1123 1931 1145 1972 a
1166 1909 1241 1986 loco,
1256 1911 1305 1974 cel

398 2015 514 2095 modu]
723 2026 727 2032 ’

400 2149 469 2212 Snu
494 2159 526 2211 et
551 2147 584 2210 in
610 2144 773 2224 lateribus,
798 2144 848 2208 his
874 2142 991 2207 scilicet
1019 2142 1076 2228 qui
1109 2140 1303 2229 principibus

355 2248 471 2313 debent
494 2246 649 2321 assistere,
672 2246 741 2311 haec
765 2257 887 2310 naturae
912 2241 1049 2307 formula
1071 2243 1226 2307 servanda
1247 2255 1302 2306 est

357 2353 492 2414 Constat
508 2346 591 2410 enim
608 2349 685 2431 quie
699 2369 719 2409 a
733 2350 880 2412 convictu
900 2368 1000 2410 mores
1014 2345 1205 2410 formantur.
1244 2343 1305 2422 Qui

355 2448 457 2536 tangit
473 2448 573 2535 picem
589 2447 810 2535 inquinabitur
824 2449 865 2512 ab
880 2471 927 2527 ee,

462 2565 573 2636 Uvsque
584 2570 703 2619 contecto
713 2565 820 2619 livorem
833 2565 904 2619 ducit
914 2566 947 2618 nb
959 2583 1018 2619 urs.

358 2676 428 2738 Nec
439 2670 527 2735 domi
538 2668 665 2734 illorum
676 2669 837 2754 justitiam
849 2692 916 2734 esse
926 2669 1047 2746 credas,
1059 2683 1116 2735 aut
1129 2671 1307 2744 veritatem,

357 2788 413 2838 sut
440 2773 603 2858 pietatem,
625 2771 712 2859 apud
737 2795 819 2858 quos
845 2771 934 2836 vides
955 2773 1061 2836 omniu
1082 2795 1150 2836 esse
1173 2771 1306 2836 venalia.

359 2876 509 2942 Christus
523 2876 592 2961 ipse
603 2874 751 2940 exclusus
765 2886 824 2951 est,
836 2888 869 2938 et
884 2873 909 2939 si
925 2874 1032 2960 pulsat
1046 2875 1087 2939 ud
1103 2873 1234 2951 ostium,
1245 2896 1306 2939 non

359 2976 503 3062 aperitur
517 2975 557 3050 ei,
573 2974 704 3060 fugiunt
724 2987 756 3039 et
778 2975 892 3058 fugant
908 2975 1054 3060 gratiam,
1070 2978 1128 3062 qui
1147 2975 1254 3039 omnis
1268 2973 1307 3037 sd

358 3082 508 3165 pretium,
517 3090 548 3142 et
563 3076 664 3163 gratis
675 3076 797 3142 faciunt
812 3074 900 3142 nihil.
938 3077 972 3144 Si
985 3100 1093 3164 preces
1107 3076 1308 3163 porrigendus

359 3194 445 3258 sunt,
469 3180 610 3245 sisausa
635 3178 856 3259 examinando,
878 3179 904 3243 si
926 3179 1104 3246 executioni
1131 3179 1309 3246 mundanda

360 3281 525 3358 sententia,
541 3280 566 3345 si
586 3280 780 3345 conficienda
800 3281 919 3359 cautio,
934 3284 1041 3346 omnia
1061 3304 1213 3347 nummus
1233 3280 1310 3366 agit,

360 3380 476 3446 veritas
490 3403 573 3447 caece
587 3395 647 3460 est,
665 3381 764 3469 pietus
779 3405 902 3463 mance,
917 3383 994 3447 dum

465 3498 596 3560 Quantum
607 3500 714 3568 quisque
725 3517 773 3553 sun
783 3518 945 3555 nummorum
956 3507 1042 3556 servat
1053 3501 1080 3554 in
1092 3519 1161 3569 erce,

468 3582 585 3638 Tantum
596 3585 677 3639 hebet
689 3591 716 3639 et
726 3585 799 3639 fidei.
810 3617 882 3629 —

653 3703 721 3712 —
735 3674 908 3726 Contemnere
919 3672 1029 3727 iiilminn
1038 3692 1137 3746 pauper

470 3755 593 3810 Creditur
604 3763 682 3827 atque
694 3759 767 3823 deos,
780 3759 831 3811 diis
841 3760 1036 3827 ignoscentibus
1046 3761 1120 3833 ipsis.

366 3858 430 3936 Qui
444 3858 624 3945 corruptior
637 3860 791 3938 moribus,
803 3874 834 3926 et
850 3864 1104 3950 corrumpentior
1118 3863 1313 3945 muneribus,

365 3959 451 4047 spud
466 3959 543 4023 istos
557 3959 679 4023 beatior
694 3974 751 4027 est.
790 3965 822 4026 si
846 3966 1026 4053 principum
1040 3988 1154 4031 manus
1169 3965 1314 4044 evaseris,

364 4062 494 4148 grandis
519 4061 577 4126 tibi
600 4074 699 4126 restat
725 4063 787 4141 vin,
809 4081 909 4144 arcta,
932 4080 964 4134 et
990 4068 1112 4134 ardua:
1143 4082 1312 4154 antequam

367 4180 501 4230 tortores
516 4177 673 4231 extremos
694 4164 839 4250 effugias,
855 4169 1034 4236 sudandum
1050 4188 1098 4235 est
1114 4171 1184 4236 tibi.
1231 4172 1314 4234 Ecce

366 4267 576 4333 instrumenta
598 4279 653 4332 tua
675 4267 801 4334 conficit
825 4271 953 4353 Cossus,
976 4272 1002 4337 si
1025 4295 1097 4338 eum
1120 4272 1259 4339 sainture
1281 4270 1316 4335 ii-
