3309 5309
346 645 407 704 lae
602 657 739 702 Joaruus
755 654 1033 700 snaasanamusrs
1159 639 1243 719 [tra.
1259 658 1297 703 rr.

345 811 423 875 dum
438 806 647 895 providentiae
657 830 720 871 non
731 807 882 891 impletur
896 806 1039 889 effectus,
1049 807 1139 895 quod
1151 809 1297 873 futurum

347 927 405 989 est,
428 925 461 977 et
484 934 545 975 non
572 911 696 975 evenire
720 924 838 997 potest,
859 922 965 996 potest
989 911 1086 976 etiam
1110 934 1174 976 non
1200 910 1300 976 fuisse

348 1014 530 1102 praevisum.
575 1017 649 1078 Non
665 1025 782 1091 tamen,
798 1025 836 1077 ut
850 1012 1038 1098 pradictum
1054 1028 1113 1090 est,
1130 1014 1301 1098 investiga-

348 1115 442 1182 tionis
456 1114 589 1179 audacia
608 1113 869 1199 omnipotentiam
891 1112 1009 1192 minuo,
1023 1127 1079 1178 aut
1095 1114 1302 1179 immensitati

349 1218 420 1303 ejus
434 1238 658 1303 quamcunque
678 1214 851 1300 praescribo
871 1236 1060 1278 mensuram.
1106 1217 1179 1279 Hoc
1194 1226 1300 1279 autern

349 1342 424 1384 cum
434 1316 544 1382 multis
554 1319 665 1396 sentio,
673 1317 751 1402 quia
760 1315 785 1380 si
797 1315 876 1401 quid
888 1318 977 1379 Deus
988 1315 1147 1401 praevidit,
1157 1315 1298 1389 eveniet;

351 1431 383 1484 et
398 1418 423 1482 si
439 1441 500 1482 non
523 1414 673 1492 evenerit,
690 1438 752 1480 non
772 1414 931 1499 praevidit.
976 1415 1074 1479 Unde
1089 1416 1301 1501 probabiliter

351 1517 391 1583 ad
408 1517 512 1582 minus
526 1516 698 1601 colligitur,
714 1517 791 1602 quia
806 1515 832 1580 si
847 1524 951 1602 potest
966 1538 1028 1579 non
1044 1516 1181 1593 evenire,
1198 1528 1302 1603 potest

352 1620 446 1685 ctiam
467 1643 528 1684 non
544 1619 643 1683 fuisse
662 1619 847 1706 praevisum.
894 1618 978 1696 Quid
1002 1619 1086 1684 enim
1107 1642 1236 1705 exquo
1250 1642 1303 1683 ve·

351 1723 465 1787 raciter
480 1734 704 1806 consequatur,
719 1721 789 1806 ipsa
804 1719 921 1783 veritas
940 1719 1041 1800 novit,
1051 1720 1304 1806 juncturamque

352 1824 510 1888 rationum
537 1822 628 1908 plene
658 1835 689 1887 et
718 1822 859 1907 perfecte
883 1821 1046 1908 primitiva
1070 1822 1153 1886 ratio
1181 1834 1303 1908 pensat.

353 1929 448 1992 Hanc
462 1937 569 1989 autem
591 1924 731 1988 humano
751 1923 860 2007 generi
882 1921 1029 2008 indulget
1044 1923 1207 1988 academia
1221 1923 1303 1989 anti·

354 2049 419 2112 qua
439 2025 609 2100 licentiam,
634 2038 669 2090 ut
694 2016 850 2111 quicquid
875 2025 1044 2111 uuicuique
1066 2024 1233 2112 probabile
1253 2048 1304 2089 oc·

354 2127 467 2203 currit,
493 2150 551 2191 suo
569 2127 644 2210 jure
668 2127 828 2192 defendat.
875 2128 1002 2193 Solebat
1027 2130 1128 2192 nostri
1153 2128 1306 2214 temporis

354 2228 585 2314 Peripateticus
614 2228 779 2293 Palatinus
813 2230 962 2293 omnibus
991 2229 1040 2293 his
1068 2228 1306 2297 conditionibus

354 2329 494 2407 obviare,
515 2328 569 2393 ubi
592 2351 655 2392 non
678 2330 839 2414 sequentis
861 2329 1068 2405 intellectum,
1089 2331 1306 2397 antecedentis

355 2432 519 2518 conceptio
540 2430 671 2510 claudit,
693 2446 747 2497 aut
770 2454 832 2495 nou
859 2432 1075 2497 antecedentis
1100 2432 1306 2511 contrarium,

355 2531 577 2618 consequentis
598 2530 809 2598 destructoria
832 2531 933 2619 ponit,
955 2532 1099 2619 eoquod
1122 2555 1233 2598 omnes
1254 2555 1308 2597 ue-

355 2635 518 2699 cessariam
540 2646 646 2698 tenere
667 2638 923 2719 consequentiam
940 2634 1051 2713 velint,
1067 2637 1128 2700 etsi
1144 2634 1305 2701 nonnullae

356 2737 432 2814 sola,
448 2736 525 2800 dum
542 2748 646 2800 tamen
670 2758 796 2819 magna,
813 2735 876 2800 sint
899 2734 1124 2821 probabilitate
1139 2747 1305 2801 contentae.

358 2840 447 2903 Sicut
472 2836 555 2901 enim
579 2835 717 2902 scientiae
741 2837 858 2902 assistit
882 2837 1058 2900 evidentior
1082 2859 1142 2922 pro
1163 2836 1213 2902 sui
1234 2860 1306 2924 per·

356 2940 524 3024 spicuitate
545 2937 664 3022 opinio,
689 2935 732 3000 sic
759 2947 791 3001 et
814 2935 985 3020 singularia
1006 2959 1072 3021 quo
1093 2935 1307 3021 probabiliora

356 3054 442 3117 sunt,
472 3062 510 3103 eo
540 3037 784 3101 necessariorum
815 3036 988 3101 fideliorem
1025 3036 1196 3122 imaginem
1226 3059 1307 3123 prae·

355 3141 473 3206 ferunt.
519 3141 563 3204 Et
579 3163 618 3203 ne
640 3162 690 3202 me
710 3138 808 3203 solius
830 3139 986 3225 opinionis
1009 3138 1129 3204 lubrico
1151 3138 1307 3205 fluctuare

356 3258 462 3331 putes,
478 3258 639 3310 auctorem
662 3265 729 3328 quo
748 3265 798 3307 me
814 3256 905 3308 tueor
919 3264 1071 3326 magnum
1094 3241 1223 3326 profero
1238 3243 1308 3306 Au-

355 3347 534 3432 gustinum,
557 3345 612 3431 qui
634 3345 740 3409 locum
762 3344 854 3408 illurn
875 3366 1035 3430 exponens
1055 3344 1234 3430 Evangelii,
1251 3343 1307 3408 ubi

357 3447 397 3510 de
417 3446 527 3511 multis
544 3447 770 3525 mansionibus,
788 3470 863 3534 quae
886 3447 916 3510 in
942 3446 1039 3510 domo
1061 3445 1161 3532 patris
1179 3458 1266 3525 suut,
1288 3469 1308 3509 a

358 3546 523 3613 Salvatore
551 3546 589 3610 fit
619 3548 747 3625 mentio,
773 3547 835 3612 ait:
868 3549 900 3612 Si
931 3572 997 3633 quo
1026 3547 1131 3612 minus
1156 3546 1308 3612 dixissem

357 3647 458 3724 vobis,
482 3647 559 3734 quia
574 3647 656 3711 vado
677 3670 789 3733 parare
813 3649 903 3712 vobis
926 3648 1042 3719 locum,
1058 3648 1091 3711 id
1114 3660 1175 3726 est,
1196 3649 1222 3713 si
1244 3671 1306 3713 uon

357 3762 460 3815 essent
482 3750 709 3836 praedestinati,
735 3750 896 3827 dixissem,
923 3751 977 3815 ibo
1002 3763 1033 3815 et
1063 3750 1308 3836 pradestinabo.

358 3851 585 3916 Diversitatem
608 3852 723 3915 etenim
744 3853 941 3916 mansionum
958 3877 1033 3939 quae
1047 3853 1080 3917 in
1096 3853 1193 3917 domo
1207 3856 1308 3941 patris

356 3952 494 4017 coelestis
508 3966 696 4038 praeparatae
716 3968 802 4032 sunt,
826 3954 942 4022 divinae
962 3955 1237 4041 praedestinationi
1257 3979 1309 4020 co*

357 4068 459 4141 aptat,
467 4076 542 4140 quae
554 4054 713 4118 salvandis
724 4077 782 4140 pro
794 4056 874 4119 bene
886 4056 1005 4142 placito
1016 4058 1215 4145 disponentis
1226 4058 1309 4145 parit

358 4158 482 4222 diversa
506 4155 696 4239 charismata
721 4155 894 4241 gratiarum
919 4170 950 4223 et
976 4181 1153 4224 munerum.
1199 4163 1308 4236 Quum

357 4245 431 4323 vero
447 4270 556 4324 tantus
572 4268 663 4342 pater
677 4257 762 4321 hunc
777 4258 1024 4344 apprehenderit
1039 4260 1309 4346 interpretationis
