3309 5309
236 615 304 660 cnr.
324 597 384 676 vn]
612 612 864 659 ronvomrrcus.
1147 592 1188 651 39

236 762 502 844 intercinentium,
528 777 559 829 et
583 763 805 842 occinentium,
833 762 1013 850 praemolles
1042 758 1188 823 modula·

238 867 340 932 tiones
355 864 504 946 audieris,
521 866 703 930 Sirenarum
717 879 889 931 concentus
909 864 1019 929 credas
1032 885 1110 938 esse,
1125 881 1189 923 non

236 968 411 1046 homiuum,
434 981 466 1033 et
492 969 533 1032 de
555 991 667 1032 vocum
695 968 849 1033 facilitate
875 966 1049 1045 miraberis,
1072 962 1188 1049 quibus

236 1069 420 1156 philomena
443 1070 495 1134 vel
520 1069 685 1157 psittacus,
709 1083 765 1135 aut
792 1071 818 1134 si
848 1069 929 1156 quid
959 1067 1104 1134 sonorius
1130 1074 1189 1141 est,

236 1171 347 1236 modos
371 1195 444 1237 suos
467 1187 631 1259 nequeunt
658 1193 835 1256 coaequare.
880 1176 930 1238 Ea
956 1169 1111 1256 siquidem
1137 1176 1187 1230 est

235 1273 427 1338 ascendendi
453 1273 730 1361 descendendique
756 1275 911 1349 facilitas3
947 1296 985 1337 ea
1014 1271 1111 1336 sectio
1138 1267 1189 1331 vel

235 1373 408 1458 geminatio
427 1374 620 1452 notularum,
644 1399 681 1439 ea
702 1375 866 1461 replicatio
887 1373 1106 1448 articulorum,
1128 1373 1190 1434 sin-

235 1474 452 1559 gulorumque
477 1476 702 1549 consolidatio;
737 1480 782 1540 sic
805 1493 898 1541 acuta
923 1475 971 1540 rel
997 1474 1190 1552 acutissima,

237 1575 391 1660 gravibus
405 1589 438 1640 et
460 1577 673 1661 subgravibus
689 1589 919 1663 temperantur,
936 1590 973 1639 ut
992 1574 1122 1640 auribus
1142 1572 1189 1637 sui

232 1676 351 1763 judicii
365 1677 434 1741 fere
452 1678 661 1743 subtrabatur
676 1679 866 1743 auctoritas:
891 1691 923 1743 et
943 1676 1078 1751 animus,
1094 1695 1190 1760 quem

238 1792 338 1842 tautae
365 1778 532 1843 suavitatis
558 1778 708 1844 demulsit
734 1780 848 1864 gratia,
871 1779 1053 1843 auditorum
1080 1775 1193 1838 merita

236 1880 417 1943 examinare
436 1900 498 1941 non
522 1878 649 1944 sufficit.
695 1884 802 1955 Quum
818 1881 887 1943 haec
910 1878 1040 1965 quidem
1060 1876 1191 1940 modum

236 1980 437 2062 excesserint,
453 1980 635 2045 lumborum
653 1982 862 2068 pruriginem,
878 2003 975 2067 quam
991 1978 1192 2042 devotionem

237 2083 362 2159 mentia,
379 2092 528 2168 poterunt
544 2083 638 2148 citius
653 2085 801 2149 excitare.
837 2084 871 2146 Si
885 2106 958 2146 vero
969 2079 1193 2145 moderationis

237 2183 375 2246 formula
395 2182 586 2259 limitantur,
603 2182 743 2248 animum
764 2206 784 2247 a
799 2184 884 2248 curis
899 2182 1072 2259 redimunt,
1087 2194 1192 2246 exter·

238 2285 358 2348 minant
383 2284 606 2369 temporalium
628 2286 873 2362 solicitudinem,
890 2299 921 2350 et
937 2286 1075 2372 quadam
1095 2284 1192 2370 parti·

237 2385 396 2469 cipatione
417 2385 548 2464 lactitiae,
570 2399 602 2451 et
626 2388 749 2474 quietis,
768 2401 800 2453 et
821 2389 922 2452 amica
942 2387 1139 2452 exultatione
1158 2386 1192 2449 in

239 2490 357 2576 Deum,
372 2499 492 2551 mentes
515 2486 670 2553 humanas
691 2489 855 2574 trajiciunt
876 2490 917 2552 ad
937 2489 1117 2558 societatem
1136 2510 1191 2551 an-

238 2587 395 2672 gelorum.
445 2588 509 2653 Sed
541 2588 626 2652 uude
655 2591 737 2654 hauc
767 2589 993 2653 moderationis
1021 2586 1192 2651 formulam

195 2778 197 2782 Ι
238 2687 349 2752 tenes?
371 2688 589 2767 Exultabunt‚
602 2690 720 2777 inquit,
732 2713 835 2776 quum
845 2707 1014 2755 cantavero
1026 2689 1096 2764 tibi,
1109 2688 1194 2752 labia

239 2817 318 2858 mea.
365 2795 398 2857 Si
418 2818 496 2881 ergo
515 2817 555 2858 ex
576 2796 770 2861 abnndantia
785 2795 888 2860 cordis
908 2820 943 2860 os
957 2809 1050 2860 tuum
1066 2794 1192 2859 laudem

239 2896 372 2960 Domini
388 2897 582 2980 moduletur,
598 2900 623 2962 si
645 2900 758 2986 spiritu
783 2899 892 2985 psallis
906 2912 938 2963 et
953 2911 1069 2974 mente,
1084 2897 1193 2984 psallis

238 2997 377 3080 denique
393 2999 561 3082 sapienter,
576 3001 671 3064 etiam
689 3001 770 3065 citra
785 3000 964 3064 articulatae
980 2999 1065 3062 vocis
1077 2996 1194 3061 intelli-

239 3097 392 3183 gentiam,
408 3098 611 3164 rectissimam
627 3102 793 3165 modestiae
808 3100 950 3184 regulam
968 3112 1066 3175 tenes,
1082 3111 1113 3162 et
1131 3121 1193 3161 non

238 3216 306 3264 tam
313 3199 409 3275 vocis,
417 3222 516 3285 quam
528 3201 753 3287 mentisjubilo
761 3224 855 3265 aures
864 3199 1152 3276 mulcesAltissimi‚
1162 3212 1194 3264 et

238 3302 491 3388 indignationem
503 3302 573 3387 ejus
588 3303 764 3387 prudenter
778 3304 906 3368 avertis.
944 3305 1006 3380 Qui
1019 3316 1126 3366 autem
1139 3322 1194 3364 vo-

237 3404 370 3491 luptatis
400 3416 457 3468 aut
489 3404 636 3470 vanitatis
665 3405 798 3470 affectus
827 3403 988 3491 exprimit,
1016 3404 1074 3492 qui
1104 3405 1191 3468 vocis

238 3505 376 3591 gratiam
406 3506 573 3592 prostituit
602 3507 866 3594 concupiscentiis
895 3508 971 3585 suia,
997 3509 1054 3594 qui
1080 3506 1193 3571 lenoci-

238 3607 366 3674 niorum
396 3608 578 3673 clientulam
609 3609 759 3674 musicam
789 3609 878 3689 facit,
903 3610 1030 3695 ignorat
1059 3609 1192 3696 quidem

236 3709 396 3773 canticum
413 3710 553 3783 Domini,
569 3709 672 3774 modis
693 3709 880 3796 Babyloniis
900 3709 1033 3774 festivus
1053 3709 1085 3772 in
1107 3723 1192 3774 terra

236 3807 346 3873 aliena.
388 3811 452 3887 Qui
469 3810 572 3873 nescio
587 3835 654 3897 quo
668 3823 763 3896 pacto
778 3811 852 3897 plus
868 3811 1023 3896 placeant,
1038 3812 1097 3875 nisi
1113 3812 1190 3898 quia
1281 3795 1286 3803 ⁶

345 3917 462 3970 Nitimur
473 3919 500 3970 in
512 3919 620 3971 vetitum
632 3936 742 3990 semper,
752 3921 920 3991 cupimusque
930 3927 1036 3989 negata.

243 4017 288 4078 Et
318 4036 411 4098 aquae
439 4013 569 4078 furtivae
598 4012 767 4091 dulciores,
798 4027 830 4078 et
863 4015 954 4101 panis
987 4014 1193 4078 absconditus

241 4117 370 4179 suavior
395 4130 451 4181 est.
498 4119 543 4181 Et
570 4118 699 4202 quidem
729 4117 891 4204 Phrygius
918 4118 1040 4195 modus,
1066 4117 1192 4179 decreto

239 4217 516 4304 Philosophorum,
538 4220 578 4283 ab
594 4220 666 4283 aula
688 4221 821 4284 Graeciae
841 4219 907 4302 jam
928 4218 1049 4304 pridem
1075 4220 1186 4278 missus
