3309 5309
435 684 498 744 802
690 694 827 743 ananum
844 692 1121 739 sanasamuensm
1255 673 1339 747 [cra.
1354 687 1383 730 v.

433 859 557 913 constet
579 870 646 912 esse
673 847 836 912 obnoxia?
874 845 947 908 Non
977 863 1070 929 opus,
1092 861 1154 906 nnn
1178 861 1293 917 sermo,
1313 856 1385 924 gra·

435 949 539 1015 tuitus
560 958 620 1028 est,
642 971 705 1013 non
729 958 853 1013 tacetur
875 945 935 1010 nisi
958 947 1000 1010 ad
1022 943 1173 1031 pretium.
1218 938 1384 1008 Silentium

435 1071 574 1137 namque
598 1073 648 1115 res
671 1049 790 1115 venalis
816 1060 875 1114 eat.
921 1048 994 1112 Hoc
1018 1047 1101 1112 forte
1126 1070 1146 1112 a
1170 1043 1385 1109 Demosthene

434 1145 1384 1240 acceperunt,quiquumAristodemumactoremlabularum

436 1255 670 1340 interrogasset,
683 1266 840 1341 qnantum
858 1252 1011 1318 mercedis
1027 1255 1076 1316 uti
1086 1262 1194 1336 ageret
1207 1251 1386 1333 accepisset,

434 1369 467 1422 et
484 1357 729 1442 responderetur
748 1356 777 1420 ei
793 1355 967 1421 talentum:
992 1358 1035 1419 At
1055 1376 1126 1439 ego,
1142 1352 1250 1438 inquit
1272 1352 1386 1413 Demo·
1487 1430 1493 1448 .

435 1457 572 1536 sthenes,
597 1458 670 1544 plus
693 1457 799 1543 accepi
827 1468 863 1521 ut
888 1471 1034 1521 tacerem.
1080 1452 1321 1521 causidicorum
1348 1448 1387 1512 si-

436 1558 568 1645 quidem
590 1571 638 1623 est
658 1557 768 1643 lingua
786 1556 965 1638 damnifica,
981 1556 1041 1620 nisi
1061 1578 1142 1633 eam,
1158 1567 1195 1620 ut
1218 1553 1282 1619 dici
1298 1551 1387 1626 solet,

436 1660 571 1725 funibus
593 1660 751 1745 argenteis
770 1659 897 1724 vincias.
943 1662 1012 1724 Nec
1036 1681 1137 1722 unum
1158 1655 1220 1720 nisi
1235 1655 1318 1719 forte
1333 1675 1386 1739 po

438 1761 634 1855 tentissimus
654 1761 706 1841 sit,
720 1760 845 1847 proficit
866 1761 1038 1847 illaqueare
1053 1758 1251 1831 muneribus,
1266 1757 1342 1841 quia
1355 1757 1387 1818 in

437 1887 504 1951 qno
535 1866 629 1930 unius
658 1864 717 1929 tibi
748 1863 937 1929 conciliatur
966 1863 1080 1949 gratia,
1107 1860 1243 1926 aliorum
1270 1856 1388 1923 invidia

437 1967 626 2030 concitatur.
686 1964 754 2030 Sibi
793 1986 931 2051 namque
960 1976 1154 2051 praereptum
1182 1961 1389 2035 arbitrantur,

439 2066 526 2153 quod
542 2065 611 2130 aliis
622 2079 783 2151 erogatur.
823 2070 896 2131 Hoc
908 2079 1013 2131 autem
1029 2089 1048 2130 a
1064 2063 1211 2129 maximis
1221 2062 1388 2149 pertransit

437 2167 479 2230 ad
494 2167 652 2246 minimos,
666 2167 723 2252 qui
746 2167 805 2231 nisi
828 2167 1029 2233 mulceantur
1047 2165 1222 2253 obsequiis,
1238 2175 1271 2229 et
1291 2161 1387 2227 relici-

438 2278 534 2330 antur
549 2267 746 2344 muneribus,
761 2267 820 2331 sibi
837 2268 905 2331 lieri
919 2269 1070 2354 injuriam
1085 2269 1299 2354 suspicantur.

445 2441 453 2453 ι
543 2373 665 2426 Maxima
677 2390 785 2444 quaque
798 2375 890 2429 domus
902 2379 985 2430 servis
997 2383 1039 2430 est
1049 2375 1126 2450 plena
1137 2375 1265 2448 superbis,

437 2481 469 2535 et
498 2470 609 2535 eadem
638 2469 765 2556 cupidis
794 2471 890 2558 plena
918 2486 966 2538 est
992 2490 1024 2538 et
1049 2471 1162 2537 avaris.
1208 2469 1261 2535 llli
1286 2479 1388 2534 tamen

437 2571 643 2658 perniciosius
657 2585 772 2638 nocent
787 2572 871 2638 inter
885 2595 994 2638 omnes
1009 2571 1118 2637 Curiae
1132 2583 1317 2655 nugatores,
1333 2566 1389 2654 qui

437 2677 498 2741 sub
515 2687 672 2763 praetextu
688 2674 873 2755 honestatis,
887 2688 919 2741 et
944 2675 1154 2750 liberalitatis,
1169 2672 1305 2739 miseriae
1325 2691 1389 2735 sna

438 2777 539 2843 solent
561 2777 697 2865 ineptias
719 2775 871 2858 colorare,
885 2778 942 2864 qui
962 2779 1127 2844 nitidiores
1148 2775 1312 2856 incedunt,
1333 2770 1388 2858 qui

437 2877 638 2966 splendidius
658 2878 841 2965 epulantur,
857 2879 912 2964 qni
933 2883 1095 2966 propriam
1113 2880 1155 2944 ad
1178 2898 1318 2942 mensam
1334 2896 1389 2939 soe·

439 2983 511 3067 pius
526 2993 693 3046 extraneos
703 2980 899 3066 compellunt
910 2981 1069 3061 accedere,
1080 2979 1284 3044 humaniores
1295 2977 1389 3048 domi,

439 3079 517 3145 foris
532 3081 743 3167 benigniores,
758 3081 951 3148 affabiliores
964 3085 997 3147 in
1013 3103 1166 3158 sermone,
1182 3078 1345 3143 liberiores
1358 3075 1390 3138 in

440 3185 613 3264 sententiis,
627 3183 659 3247 in
682 3184 903 3270 proximorum
922 3183 1012 3249 cultu
1034 3182 1186 3260 munifici,
1201 3193 1235 3246 et
1249 3179 1389 3245 omnium

439 3284 596 3350 virtutum
619 3286 796 3351 imitatione
817 3287 972 3373 praeclari.
1017 3289 1066 3353 Ut
1082 3288 1165 3351 euim
1181 3288 1228 3350 ait
1248 3284 1388 3350 ethicus:

441 3385 542 3449 totius
556 3385 722 3471 injustitias
734 3387 823 3451 nulla
835 3401 882 3453 est
898 3388 1073 3473 capitalior,
1085 3409 1181 3475 quam
1196 3407 1320 3459 eorum,
1336 3381 1391 3469 qui

441 3478 542 3571 qu'um
566 3488 704 3552 maxime
725 3488 902 3575 decipiunt,
915 3489 950 3554 id
972 3501 1082 3576 agunt,
1097 3502 1134 3553 ut
1156 3488 1233 3553 boni
1247 3487 1309 3552 viri
1329 3505 1393 3549 esse

444 3588 620 3655 videantur.
666 3592 729 3656 His
752 3592 866 3679 ntique
888 3604 920 3658 et
943 3592 1073 3657 virtutis
1097 3591 1214 3656 umbra
1234 3590 1390 3655 licentiam

440 3690 528 3771 facit,
542 3705 574 3757 et
591 3693 675 3758 unde
689 3696 743 3759 vix
767 3706 952 3780 oportuerat
972 3697 1093 3780 sperari
1107 3695 1244 3769 reniam,
1259 3691 1388 3778 gloriam

440 3803 665 3874 assequuntur.
713 3795 853 3859 Possunt
876 3794 1005 3881 impune
1026 3794 1166 3880 plurima
1191 3805 1390 3879 extorquere,

438 3891 495 3979 qui
508 3911 605 3976 parvo
615 3913 677 3955 non
689 3908 836 3976 possunt,
844 3895 908 3958 imo
920 3895 1389 3980 noudignanturessecnntenti.

439 3996 561 4058 Notum
577 3989 706 4077 quidem
723 4006 783 4071 est,
799 4007 832 4059 et
845 3997 992 4079 generale
1007 3997 1226 4083 proverbium,
1244 3997 1322 4084 qnia

546 4102 647 4155 Serviat
658 4105 792 4167 eternum,
805 4105 849 4171 qui
859 4123 938 4176 parvo
950 4108 1051 4160 nesciet
1062 4107 1110 4159 uu.

442 4203 494 4263 Ne
524 4211 628 4264 tamen
658 4220 730 4263 cum
762 4197 811 4263 his
842 4222 891 4264 me
920 4203 1037 4268 bellum
1064 4200 1260 4267 inexorabile
1284 4221 1391 4288 gerere

439 4312 544 4386 putes,
568 4324 699 4367 munera
726 4301 859 4367 curiales
884 4303 1016 4370 licenter
1039 4305 1206 4390 accipiant,
1231 4305 1309 4371 dnm
1332 4324 1391 4368 nnn
