3309 5309
231 647 418 726 car.xx11.}
584 664 836 711 roarcaancus.
1124 656 1182 715 121

232 812 292 877 sibi
307 814 510 879 manifestata
529 839 595 880 esse
615 816 868 901 congratulatur,
882 839 979 903 opera
1000 819 1071 905 ejus
1086 842 1184 906 supra

231 939 358 981 sensum
374 917 509 983 hominis
523 918 725 1005 magnificata
742 920 866 996 asserit,
881 932 914 984 et
929 920 1006 984 dum
1024 933 1184 987 scrutatur

231 1019 349 1095 omnia,
376 1021 585 1106 cogitationes
615 1020 770 1085 Altissimi
800 1021 894 1085 nimis
922 1021 1099 1107 profundas
1128 1045 1186 1107 ag·

232 1121 343 1187 noscit.
389 1126 478 1188 Huic
496 1124 624 1188 veritati
644 1136 807 1201 consonat,
829 1124 915 1211 quod
937 1125 970 1188 in
993 1124 1185 1189 Ecclesiaste

232 1236 362 1288 sanctus
378 1222 523 1287 Salomon
540 1225 572 1288 in
589 1223 702 1288 auditu
718 1223 859 1287 fidelium
876 1223 1098 1288 concionatur:
1124 1226 1185 1289 Est

232 1324 330 1388 horno
348 1327 407 1412 qui
429 1324 545 1391 diebus
567 1339 597 1390 et
621 1325 769 1390 noctibus
791 1348 854 1389 non
876 1325 962 1410 capit
983 1325 1082 1390 oculis
1104 1348 1186 1389 som·

231 1447 323 1503 uum,
339 1439 371 1490 et
385 1425 531 1492 intellexi
551 1426 639 1514 quod
660 1430 804 1490 omnium
824 1449 957 1513 operum
974 1427 1047 1502 Dei,
1063 1427 1184 1492 nullam

232 1529 375 1593 invenire
389 1528 488 1613 possit
508 1529 604 1593 homo
628 1530 779 1593 rationem
802 1551 911 1592 eorum
934 1550 1009 1614 quae
1030 1541 1104 1593 sunt
1124 1530 1185 1592 sub

234 1628 310 1693 sole.
359 1631 405 1693 Et
429 1645 550 1713 quanto
579 1630 653 1716 plus
683 1629 873 1694 laboraverit
897 1629 938 1692 ad
964 1629 1184 1715 quarendum,

233 1743 325 1796 tanto
339 1731 444 1795 minus
458 1732 612 1807 inveniet;
634 1731 756 1797 etiamsi
768 1730 884 1796 dixerit
900 1734 1023 1817 sapiens
1038 1753 1071 1794 se
1084 1753 1186 1807 nosse,

233 1852 299 1896 non
325 1833 442 1918 poterit
469 1836 617 1918 reperire.
664 1834 696 1896 Si
723 1856 800 1919 ergo
828 1833 963 1896 inveniri
990 1853 1052 1895 uon
1081 1844 1186 1916 potest

231 1934 316 1998 ratio
331 1935 552 2011 subsolarium,
569 1936 641 2021 quis
656 1934 748 2021 plene
771 1935 1019 2022 suprasolarium
1040 1933 1186 1997 redditu·

233 2059 291 2102 rus
311 2050 357 2101 est
380 2036 558 2101 rationem?
598 2037 679 2110 Quis
701 2036 783 2101 enim
807 2035 957 2121 coguovit
973 2057 1097 2101 sensum
1121 2039 1187 2099 Do-

235 2137 325 2215 mini,
339 2151 397 2202 aut
413 2137 484 2223 quis
499 2137 695 2202 consiliarius
717 2139 786 2224 ejus
800 2138 888 2202 fuit?
926 2139 1063 2202 Constat
1077 2136 1189 2222 itaque

237 2242 282 2307 sic
296 2244 450 2307 rationem
466 2242 607 2306 omnium
624 2241 768 2306 veritatis
788 2241 901 2305 ardore
916 2244 1132 2327 quaerendam,
1148 2254 1187 2306 ut

236 2343 291 2429 pia
304 2343 440 2407 intentio
460 2366 548 2407 suam
571 2342 784 2408 infirmitatem
808 2357 968 2426 agnoscat,
983 2356 1015 2409 et
1030 2367 1070 2408 ex
1085 2344 1186 2408 omni·

237 2447 300 2511 bus
326 2447 421 2510 rebus
446 2447 602 2532 proficiat,
628 2447 706 2510 dnm
736 2446 796 2510 sibi
823 2448 1013 2532 persuaserit
1043 2447 1186 2512 divinam

236 2549 431 2634 majestatem
454 2547 591 2612 fideliter
613 2547 841 2625 honorandam,
855 2561 885 2610 et
902 2548 1124 2612 misericordiae
1139 2549 1186 2611 in·

236 2650 410 2715 deficientis
424 2650 573 2736 abyssum
592 2650 715 2736 jugiter
729 2647 990 2734 amplectendam.
1037 2652 1187 2735 Denique

234 2752 322 2839 apud
338 2753 543 2839 philosophos
554 2768 682 2816 cautum
699 2764 757 2827 est,
771 2749 847 2814 talia
862 2772 988 2815 manere
1004 2750 1186 2836 praedicata,

235 2854 345 2940 qualia
374 2853 518 2940 subjecta
554 2852 765 2938 permiserint,
795 2852 1004 2937 omniumque
1033 2852 1187 2938 praedica-

235 2956 423 3019 mentalium
447 2957 524 3030 vim,
549 2965 581 3017 et
604 2953 830 3038 proprietatem
855 2951 1049 3016 naturalium
1071 2951 1188 3017 finibus

233 3054 388 3119 limitari:
423 3053 632 3138 eandemque,
653 3076 753 3138 quum
784 3052 824 3116 ad
852 3053 977 3118 culmen
1002 3053 1189 3138 Theologioe

235 3154 431 3235 ascenditur,
447 3158 540 3240 quasi
554 3155 662 3219 nativo
676 3155 782 3218 colore
803 3154 1001 3230 destitutam,
1017 3171 1049 3219 et
1066 3155 1188 3232 robore,

235 3256 375 3322 alterari.
421 3256 518 3320 Plane
544 3256 651 3320 deficit
674 3255 720 3319 vis
742 3256 923 3334 verborum,
948 3268 980 3319 et
1010 3255 1189 3320 intellectus

237 3359 306 3444 ipse
321 3357 463 3422 mortalis
475 3359 664 3435 succumbit,
677 3359 734 3423 ubi
750 3357 867 3422 divinae
880 3358 1051 3424 discutitur
1060 3358 1190 3424 immen-

237 3466 315 3527 sitas
336 3462 521 3547 majestatis,
537 3461 616 3524 etin
632 3461 831 3526 naturalibus
853 3461 987 3541 obtinet,
1002 3462 1052 3526 bis
1069 3462 1189 3529 scilicet

236 3588 313 3651 quae
336 3585 441 3628 rerum
465 3586 632 3627 numerum
656 3577 775 3650 augent
791 3561 840 3626 vel
862 3567 1023 3644 minuunt,
1041 3576 1078 3628 ut
1103 3567 1189 3649 quod

237 3668 302 3731 fuit
318 3687 380 3729 nou
396 3667 493 3751 possit
510 3688 572 3729 non
587 3665 703 3741 fuisse3
728 3679 862 3730 autnon
886 3666 1086 3752 praeteriisse,
1103 3668 1189 3752 quod

237 3768 404 3855 praeteriit,
420 3768 499 3832 dum
522 3783 626 3832 tamen
650 3769 737 3854 quod
754 3791 861 3832 verum
886 3769 960 3846 fnit,
980 3791 1084 3833 secum
1107 3770 1190 3834 forte

237 3876 408 3945 lecturum,
425 3870 630 3934 nibilominus
645 3892 757 3933 verum
774 3893 837 3933 non
848 3869 946 3933 fnisse
962 3870 1070 3954 possit.
1097 3871 1190 3949 Quod

239 3975 349 4058 itaque
364 3975 562 4058 praeteritum
586 3984 646 4046 est,
663 3972 802 4035 revocari
823 3995 885 4035 non
906 3985 1011 4057 potest
1026 3996 1065 4035 ne
1079 3973 1189 4045 fuerit,

239 4089 270 4140 et
287 4099 378 4160 aeque
394 4074 480 4160 quod
497 4097 537 4136 ex
553 4073 673 4137 insidiis
688 4074 826 4138 fortunae
846 4074 975 4160 pendet,
991 4073 1068 4136 dum
1087 4087 1188 4136 tamen

239 4200 281 4241 ex
295 4176 447 4240 facilitate
470 4187 593 4239 naturae
616 4173 798 4238 utriuslibet
819 4173 914 4238 sortis
937 4185 1084 4255 expectat
1099 4194 1192 4233 eveo·

239 4290 319 4357 tum,
329 4276 417 4339 nulla
432 4275 595 4338 eveniendi
612 4275 670 4337 sibi
686 4277 854 4338 necessitas
866 4272 1002 4353 subjicit.
1042 4271 1094 4334 Sic
1109 4271 1191 4333 forte
