3309 5309
687 674 827 718 cAP.
857 653 1026 733 xv1.]
1372 669 1877 716 PoLchA‘rlcns.
2463 652 2585 713 331

690 825 1028 902 nocentiae,
1075 834 1140 887 et
1173 821 1385 885 inanis
1417 821 1712 906 justitiae,
1757 820 2195 885 testimouium
2238 819 2591 904 perhibere,

692 926 1000 1008 populum
1053 924 1364 1005 religione
1410 922 1761 1006 juramenti
1813 922 1896 984 ad
1944 921 2404 1002 professionem
2464 920 2595 983 veri

691 1038 902 1091 tamen
935 1024 1311 1089 arctandum
1332 1022 1604 1100 censuit,
1628 1021 1881 1087 dicens:
1929 1023 2144 1086 Testis
2162 1031 2261 1086 est
2276 1021 2596 1086 Dominus

693 1126 996 1190 adversus
1025 1148 1159 1204 νοε,
1190 1137 1254 1191 et
1291 1125 1468 1191 testis
1511 1124 1805 1189 Christus
1848 1122 1986 1208 ejus
2025 1125 2093 1187 in
2137 1124 2240 1187 die
2274 1124 2420 1201 hac,
2449 1121 2599 1205 quia

692 1250 826 1291 non
874 1227 1244 1291 inveneritis
1294 1228 1362 1289 in
1417 1247 1609 1289 manu
1663 1247 1808 1288 mea
1847 1226 2199 1309 quippiam.
2286 1226 2379 1288 Et
2429 1224 2601 1289 dixit

695 1332 1014 1412 populus:
1091 1329 1321 1393 Testis·
1432 1328 1527 1391 Ac
1590 1327 1645 1390 si
1713 1326 1908 1390 fidem
1967 1328 2114 1390 Deo
2174 1335 2239 1390 et
2294 1326 2430 1408 regi
2480 1345 2598 1409 suo

698 1428 1005 1506 debitam,
1077 1427 1389 1508 religiosae
1463 1426 1901 1490 affirmationis
1975 1426 2269 1489 obsidem
2338 1426 2599 1489 faciant.

698 1527 891 1599 Quod
920 1538 1130 1590 autem
1161 1528 1558 1590 esculentum
1600 1535 1667 1588 et
1706 1527 2121 1608 poculentum
2150 1526 2491 1609 acceperit,
2519 1525 2601 1588 de

697 1629 1007 1712 scriptura
1039 1638 1283 1692 certum
1313 1649 1443 1691 non
1474 1629 1701 1692 habeo,
1781 1629 1889 1692 Sic
1920 1629 2091 1692 enim
2127 1629 2430 1711 scriptum
2463 1637 2596 1691 est:

696 1730 738 1791 J
744 1729 1049 1794 udicabat
1085 1749 1340 1813 quoque
1372 1729 1628 1792 Samuel
1676 1730 1876 1793 Israel
1907 1728 2159 1792 cunctis
2200 1727 2427 1791 diebus
2455 1726 2601 1788 vitae

701 1849 856 1907 suae,
897 1842 963 1893 et
1007 1831 1142 1892 ibat
1186 1849 1303 1912 per
1342 1828 1632 1909 singulos
1674 1851 1879 1892 annos
1923 1828 2309 1893 circumiens
2348 1825 2603 1902 Bethel‚

702 1939 768 1993 et
837 1931 1130 2011 Galgala,
1215 1941 1281 1993 et
1354 1931 1682 2012 Maspha&
1759 1942 1824 1994 et
1884 1930 2225 2014 judicabat
2295 1927 2600 1992 Israelem

700 2031 768 2092 in
827 2031 1214 2115 supradictis
1270 2030 1454 2108 locis,
1511 2033 2062 2116 revertebaturque
2135 2032 2202 2094 in
2264 2028 2600 2094 Ramatha-

704 2132 807 2195 Ibi
856 2133 1023 2195 enim
1074 2141 1208 2196 erat
1257 2132 1488 2196 domus
1546 2131 1704 2214 ejuS,
1753 2144 1818 2195 et
1860 2133 1952 2196 ibi
1987 2132 2329 2217 judicabat
2384 2133 2602 2196 Israel.

706 2235 879 2307 Quid
909 2235 1087 2300 aliud
1116 2236 1363 2300 videtur
1392 2257 1614 2300 sonare
1643 2236 1849 2316 litera,
1871 2237 1995 2300 nisi
2019 2237 2193 2322 quod
2214 2237 2607 2321 provinciam

705 2358 791 2400 ex
823 2336 1035 2401 officio
1067 2337 1400 2416 circuibat,
1429 2337 1513 2401 ad
1552 2339 1989 2422 expletionem
2023 2338 2283 2425 judicii,
2316 2349 2379 2402 et
2406 2357 2610 2402 rever-

705 2438 957 2501 tebatur
986 2437 1270 2517 domum,
1293 2450 1364 2503 ut
1388 2439 1469 2502 de
1500 2440 1761 2523 proprio
1793 2441 2190 2505 satisfaceret
2209 2436 2605 2505 necessitati?

705 2538 1076 2604 AEdificavit
1106 2539 1299 2603 etiam
1337 2540 1427 2603 ibi
1461 2541 1654 2604 altare
1686 2539 1990 2602 Domino.
2079 2541 2283 2605 Recte
2322 2541 2611 2624 quidem,

707 2660 782 2702 eo
827 2640 1003 2724 quod
1032 2639 1191 2725 juge
1233 2639 1620 2705 sacrificium
1656 2661 1798 2703 esse
1838 2651 2128 2723 oporteat
2165 2641 2231 2704 in
2276 2642 2467 2705 domo
2504 2643 2609 2727 ju-

708 2739 895 2818 dicis,
925 2763 1071 2825 quae
1101 2743 1281 2806 cultu
1293 2741 1585 2826 justitiae,
1616 2752 1680 2804 et
1709 2762 1952 2805 morum
1981 2742 2340 2819 honestate,
2369 2752 2437 2807 et
2462 2744 2611 2809 luce

707 2841 1024 2904 bonorum
1081 2864 1369 2926 operum,
1429 2843 1707 2925 seipsam
1768 2842 2032 2907 exhibet
2089 2846 2398 2928 templum
2460 2845 2608 2910 Dei.

711 2942 846 3005 Ubi
891 2942 1122 3007 amodo
1167 2964 1300 3006 non
1343 2945 1703 3007 immolatur
1744 2944 2004 3026 sanguis
2046 2945 2366 3009 hircorum
2410 2956 2475 3011 et
2519 2947 2611 3010 vi-

708 3043 1006 3120 tulorum,
1051 3063 1173 3105 nec
1229 3043 1394 3106 cinis
1447 3043 1659 3107 vitulae
1705 3044 2071 3125 inquinatos
2122 3044 2482 3110 sanctificat
2529 3047 2613 3112 ad

710 3142 1227 3206 emundationem
1278 3144 1505 3222 carnia,
1548 3144 1664 3209 sed
1713 3164 1828 3226 per
1874 3144 2242 3228 pontificem
2288 3168 2613 3230 magnum,

711 3242 822 3326 qui
865 3245 1220 3325 penetravit
1262 3247 1483 3322 coelos,
1529 3247 1572 3311 J
1574 3267 1753 3310 esum
1798 3245 2001 3310 filium
2049 3247 2200 3326 Dei,
2240 3249 2479 3334 ubique
2516 3251 2614 3314 lo-

712 3365 932 3407 corum
964 3345 1173 3409 offerri
1203 3345 1397 3410 debet

923 3457 1284 3532 compositum
1297 3463 1388 3533 jus
1409 3460 1592 3530 fasque
1615 3462 1794 3527 animi,
1816 3462 2084 3533 sanctique
2105 3480 2341 3519 recessu

926 3543 1149 3611 Mentis,
1173 3551 1229 3600 et
1248 3548 1504 3600 incoctum
1525 3563 1778 3616 generoso
1799 3553 1979 3620 pectus
2000 3547 2238 3605 honesto.

713 3657 867 3719 Veri
897 3656 1217 3740 siquidem
1249 3661 1632 3741 adoratoreS,
1662 3662 1756 3726 sic
1787 3661 2055 3727 adorant
2091 3673 2338 3748 patrem
2365 3663 2437 3731 in
2487 3666 2623 3755 spi·

712 3758 837 3821 ritu
868 3768 934 3823 et
962 3760 1239 3823 veritate.
1330 3763 1517 3826 Anne
1547 3763 1755 3827 credis
1804 3783 1951 3826 eum
1995 3763 2328 3850 accepisse
2376 3768 2621 3858 aliquid

712 3858 976 3922 nomine
1008 3860 1477 3942 sportularum?
1567 3862 1721 3926 Hoc
1753 3861 1927 3926 enim
1957 3872 2280 3946 proetextu
2328 3890 2460 3934 nun
2488 3884 2620 3938 um

704 3955 961 4040 judices
1012 3979 1202 4041 quam
1256 3959 1649 4044 judiciorum
1702 3980 2051 4046 cauponae,
2099 3964 2212 4051 qui
2273 3969 2624 4050 nequitiam

715 4078 897 4121 suam
955 4060 1227 4124 honesta
1286 4062 1510 4125 volunt
1565 4063 1832 4146 palliare
1890 4064 2170 4146 licentia,
2226 4066 2624 4154 iniquitatum

714 4177 896 4221 suam
947 4160 1230 4224 colorare
1298 4160 1607 4240 nituntur,
1674 4174 2034 4246 quoerentes
2100 4160 2344 4231 scilicet
2404 4166 2628 4258 aliqua

716 4260 1151 4324 emolumenta
1197 4262 1619 4343 negotiorum,
1690 4283 1959 4348 quorum
2010 4284 2128 4352 pro
2193 4274 2376 4353 putu
