3309 5309
347 710 416 754 can.
433 693 474 766 1.]
699 703 951 750 nonrcmmcus.
1233 686 1299 746 21⁹

348 858 498 943 vitiisque
531 854 738 930 consentiens,
768 853 996 918 exterminator
1027 851 1167 936 Spiritus
1198 855 1298 916 sancti

346 971 404 1022 est.
450 959 551 1020 Porro
572 955 710 1041 Spiritus
731 968 791 1029 est,
806 952 863 1038 qui
885 952 1030 1037 loquitur
1050 951 1247 1037 aequitatem,
1263 953 1295 1014 in

346 1070 518 1145 conspectu
541 1054 721 1142 principum
741 1076 803 1117 non
824 1054 993 1130 erubescit,
1008 1065 1040 1117 et
1060 1075 1217 1138 pauperes
1234 1052 1299 1136 spi-

346 1160 412 1224 ritu
429 1158 559 1244 regibus
580 1156 757 1241 anteponit,
772 1168 827 1218 aut
848 1167 968 1239 aequat,
985 1168 1017 1218 et
1040 1176 1120 1239 quos
1141 1154 1204 1219 sibi
1225 1152 1299 1217 lecit

347 1259 518 1333 cohaerere,
534 1255 627 1319 docet
643 1255 722 1317 scire
737 1252 837 1338 loqui,
851 1265 884 1316 et
897 1253 1000 1315 facere
1016 1253 1191 1316 veritatem.
1237 1251 1301 1329 Qui

319 1435 321 1439 ι
349 1382 426 1422 vero
449 1357 614 1422 veritatem
638 1378 701 1418 non
724 1354 794 1418 vult
816 1353 928 1417 audire
949 1353 1001 1416 vel
1022 1354 1122 1439 loqui,
1145 1377 1164 1416 a
1186 1353 1300 1439 spiritu

350 1461 495 1525 veritatis
516 1459 638 1523 alienus
659 1470 717 1520 est.
763 1457 825 1518 Sed
849 1454 918 1519 haec
942 1454 1105 1518 hacteuus.
1150 1457 1246 1518 Nunc
1267 1455 1300 1517 in

350 1585 417 1649 quo
432 1574 588 1647 tyrannus
603 1557 701 1622 distat
716 1580 735 1620 a
751 1556 893 1643 principe
909 1554 1085 1619 audiamus.
1127 1581 1131 1591 ·

352 1751 432 1833 Cap.
454 1753 480 1811 l.
503 1750 555 1811 De
572 1747 755 1832 differentia
777 1745 938 1824 principie
960 1749 990 1806 et
1012 1745 1158 1822 tyranni,
1173 1749 1204 1806 ct
1226 1744 1305 1823 quid

720 1847 763 1906 ait
775 1846 935 1925 princeps.

395 1965 465 2026 Esr
480 1984 556 2045 ergo
578 1959 705 2044 tyranni
720 1971 751 2023 et
774 1958 925 2045 principis
946 1958 1014 2021 lraec
1035 1957 1214 2022 differentia
1228 1958 1306 2037 sola,

354 2062 441 2149 quod
462 2062 513 2124 hic
533 2061 596 2146 legi
617 2062 826 2146 obtemperat,
847 2074 880 2124 et
901 2061 971 2146 ejus
993 2060 1125 2125 arbitrio
1148 2060 1304 2145 populum

353 2164 448 2249 regit,
473 2164 566 2249 cujus
592 2185 624 2226 se
649 2162 751 2227 credit
775 2161 967 2241 ministrum,
992 2173 1024 2225 et
1049 2163 1081 2225 iu
1109 2161 1306 2247 Reipublicae

354 2266 541 2329 muneribus
565 2265 758 2340 exercendis,
785 2277 817 2328 et
842 2265 991 2329 oneribus
1018 2265 1203 2346 subeundis,
1228 2264 1306 2347 legis

356 2365 506 2429 beneficio
522 2366 582 2429 sibi
603 2365 740 2451 primum
762 2367 909 2430 vendicat
930 2365 1045 2441 locum,
1062 2369 1094 2429 in
1110 2389 1211 2452 eoque
1227 2388 1306 2451 prae·

355 2468 458 2531 fertur
469 2467 590 2543 ceteris,
602 2467 690 2553 quod
703 2490 802 2553 quum
813 2467 929 2548 singuli
941 2479 1108 2531 teneantur
1120 2467 1160 2530 ad
1171 2468 1306 2552 singula,

356 2567 492 2652 principi
513 2591 610 2631 onera
631 2567 796 2631 imminent
819 2569 976 2631 universa.
1020 2566 1117 2630 Unde
1139 2566 1252 2631 merito
1273 2568 1306 2630 iu

358 2689 431 2731 eum
457 2668 597 2730 omnium
625 2668 829 2731 subditorum
853 2679 995 2751 potestas
1016 2666 1190 2740 confertur,
1213 2678 1250 2730 ut
1275 2666 1306 2730 in

359 2768 497 2832 utilitate
523 2769 719 2852 singulorum
745 2781 778 2832 et
799 2768 941 2832 omnium
964 2766 1162 2852 exquirenda
1182 2781 1214 2832 et
1234 2769 1309 2832 faci·

357 2869 449 2944 enda,
467 2869 526 2934 sibi
541 2871 609 2954 ipse
626 2869 770 2945 sufficiat,
787 2881 818 2933 et
839 2871 987 2932 humanae
1009 2867 1191 2953 reipublicae
1206 2881 1309 2932 status

357 2974 478 3056 optime
498 2971 697 3056 disponatur,
712 2970 788 3034 dum
814 2983 888 3034 sunt
910 2969 990 3032 alter
1009 2969 1139 3033 alterius
1158 2973 1310 3034 membra.

359 3071 399 3135 In
416 3093 483 3154 quo
498 3068 627 3152 quidem
643 3069 794 3154 optimam
819 3069 943 3131 vivendi
964 3068 1078 3132 ducem
1100 3082 1247 3131 naturam
1263 3091 1310 3132 se·

357 3171 500 3258 quimur,
517 3192 590 3254 quae
613 3169 804 3255 pragautcpoo
825 3170 885 3250 sui,
899 3169 932 3233 id
954 3183 1013 3247 est,
1036 3169 1149 3232 mundi
1170 3168 1310 3245 minoris,

358 3273 496 3339 hominis
511 3272 639 3352 scilicet,
656 3295 763 3337 sensus
786 3273 948 3338 universos
967 3272 999 3336 in
1016 3274 1119 3358 capite
1134 3273 1310 3349 collocavit,

360 3388 393 3439 et
415 3377 446 3438 ei
468 3376 512 3438 sic
535 3375 680 3439 universa
704 3377 845 3440 membra
869 3374 1015 3460 subjecit,
1040 3387 1076 3438 ut
1099 3374 1204 3438 omnia
1227 3388 1310 3439 recte

360 3478 562 3552 moveantur,¹
586 3476 662 3540 dum
693 3478 760 3542 sani
786 3476 898 3563 capitis
928 3489 1106 3561 sequuntur
1131 3478 1310 3542 arbitrium.

362 3578 425 3640 Tot
441 3599 517 3661 crgo
538 3588 570 3641 et
593 3580 690 3642 tantis
710 3578 886 3665 privilegiis
909 3601 990 3663 apex
1015 3577 1197 3663 principalis
1211 3579 1312 3644 extol-

362 3677 451 3768 litur,
463 3690 495 3742 et
510 3678 711 3764 splendescit,
723 3693 803 3766 quot
818 3693 850 3743 et
863 3691 984 3765 quanta
996 3679 1055 3743 sibi
1068 3679 1128 3765 ipsi
1141 3680 1313 3744 necessaria
1368 3725 1371 3735 ι

363 3779 508 3844 credidit.
542 3784 642 3845 Recte
658 3781 796 3865 quidem,
812 3787 890 3866 quia
904 3782 1025 3868 populo
1041 3782 1118 3845 nihil
1131 3782 1242 3847 utilius
1252 3797 1311 3859 est,

364 3902 460 3966 quam
477 3892 513 3944 ut
528 3880 678 3966 principis
691 3884 857 3947 necessitas
868 3883 1058 3969 expleatur?
1080 3885 1200 3971 quippe
1212 3908 1312 3971 quum

365 4005 422 4049 nec
441 3983 589 4047 voluntas
609 3985 689 4069 ejus,
706 3986 843 4072 justitiae
865 3986 1044 4052 inveniatur
1063 3989 1206 4053 adversa.
1252 3991 1313 4052 Est

365 4104 452 4166 ergo,
481 4097 517 4147 ut
543 4106 614 4146 eum
642 4084 785 4172 plerique
811 4087 979 4166 definiunt,
1004 4088 1150 4173 princeps
1177 4098 1315 4168 potestas

366 4183 505 4268 publica,
517 4197 548 4248 et
564 4187 596 4249 in
609 4187 700 4250 terris
716 4188 864 4273 quaedam
876 4188 995 4252 divinae
1010 4188 1183 4269 majestatis
1198 4183 1313 4266 imago.

367 4283 583 4348 Proculdubio
599 4307 747 4369 magnum
762 4284 839 4369 quid
853 4283 970 4347 divinae
987 4282 1125 4362 virtutis,
1136 4278 1315 4346 declaratur
