3309 5309
253 664 324 708 cae.
339 649 431 722 nnn]
604 662 860 709 ronrtcanrrcua
1169 645 1210 704 53

255 826 344 898 petes
359 836 455 899 supra
470 818 595 880 culmen
610 815 725 879 domus
740 814 840 899 patris
855 813 925 898 ejus
940 811 1101 890 sederunt,
1116 833 1209 874 omen

254 914 389 1000 duplicis
404 915 539 1001 imperii,
554 918 697 1003 Europae
714 916 866 1001 Asiaeque
881 914 1096 1000 proeserentes.
1126 911 1208 976 Vul-

255 1036 342 1082 tures
371 1017 590 1083 difficultatem
625 1031 768 1104 portant,
796 1016 959 1096 duritiam,
987 1017 1205 1101 rapacitatem,

254 1122 336 1184 sicut
351 1120 449 1185 habes
464 1121 495 1184 in
511 1122 633 1206 origine
652 1121 740 1185 urbis
760 1118 944 1183 condendae.
990 1116 1128 1183 Pboenix
1145 1117 1207 1180 sin-

252 1220 372 1303 gularis
387 1220 547 1286 felicitatis
563 1244 724 1286 successus
739 1220 920 1306 pollicetur,
936 1219 1030 1306 quale
1045 1230 1104 1295 est,
1116 1216 1205 1304 quod

251 1343 334 1386 nova
346 1322 460 1398 Roma,
473 1322 540 1386 viso
551 1323 708 1409 phoenice,
722 1321 907 1386 melioribus
917 1321 1064 1406 auspiciis
1075 1319 1205 1384 condita

251 1433 312 1486 est.
360 1423 444 1486 Avis
466 1423 554 1507 picta
579 1423 653 1487 urbi
682 1423 888 1488 Pictavorum
914 1419 1049 1484 contulit
1078 1441 1205 1502 nomen,

251 1522 415 1587 levitatem
436 1525 552 1608 gentis,
568 1525 672 1588 colore
687 1538 719 1588 et
735 1546 810 1586 voce
833 1525 1054 1608 praefigurans.
1099 1524 1205 1588 Ardea

250 1649 357 1690 rerum
386 1625 558 1690 arduarum
585 1626 762 1712 auspicium
787 1638 846 1690 est.
900 1624 1030 1690 Ciconia
1053 1626 1202 1708 quoniam

251 1727 319 1790 avis
341 1727 519 1790 concordiae
542 1739 600 1803 est,
621 1726 821 1790 concordiam
844 1724 975 1804 invenit,
997 1737 1054 1788 aut
1076 1747 1204 1791 concor·

250 1826 334 1890 diam
351 1826 438 1890 facit.
484 1830 571 1891 Grus
586 1849 710 1912 semper
725 1825 827 1902 affert,
845 1825 931 1910 quod
948 1824 1094 1910 expedit3
1120 1825 1203 1888 unde

251 1940 283 1992 et
303 1952 416 2014 gruere
433 1929 565 1993 verbnm
586 1932 766 2015 antiquum,
784 1951 803 1991 a
823 1950 889 2013 quo
910 1949 1096 2012 congruere,
1113 1927 1201 2012 quod

249 2030 391 2116 proficit;
415 2042 447 2094 et
463 2031 610 2116 ingruere
625 2045 745 2108 contra,
760 2030 847 2116 quod
862 2028 968 2093 officit.
998 2029 1095 2093 Unde
1109 2029 1203 2110 illud,

622 2148 671 2200 Bia
682 2148 780 2200 vitibus
791 2148 888 2216 ingruit
900 2148 991 2200 imber.

251 2253 318 2317 Nec
338 2266 443 2318 tamen
458 2254 594 2319 minores
608 2253 805 2341 contemptui
820 2253 947 2330 babeas,
962 2277 1062 2340 quum
1078 2267 1110 2319 et
1131 2257 1203 2341 pica

248 2355 378 2439 loquax,
395 2355 476 2420 sicut
491 2354 531 2417 ad
547 2355 659 2431 multa,
673 2357 717 2418 sic
732 2355 773 2418 ad
789 2355 1020 2441 susceptionem
1035 2355 1199 2442 hospitum

250 2468 282 2521 te
300 2457 394 2520 faciat
415 2457 598 2521 cautiorem.
644 2456 679 2523 Si
701 2457 780 2537 aviS,
798 2480 871 2543 quoe
887 2457 985 2542 vulgo
1004 2456 1125 2521 dicitur
1140 2456 1199 2520 Al·

247 2557 402 2639 banellus,
430 2558 656 2644 praetervolans
684 2558 778 2636 viam,
803 2581 821 2621 a
846 2557 979 2622 sinistris
1006 2558 1130 2622 feratur
1158 2558 1200 2621 ad

249 2659 407 2742 dextram,
421 2661 461 2725 de
480 2661 610 2747 hospitii
633 2660 793 2724 hilaritate
808 2685 850 2726 ne
865 2660 1014 2724 dubites:
1038 2660 1064 2723 si
1079 2673 1200 2739 contra,

247 2763 441 2825 contrarium
456 2761 666 2847 exspectabis.
705 2765 790 2826 Aves
806 2760 989 2825 domesticae
1001 2760 1126 2826 artificii
1141 2762 1199 2826 hn-

243 2863 298 2947 jus
320 2884 382 2926 non
406 2875 480 2927 sunt
501 2875 658 2948 expertes,
673 2885 774 2949 quum
797 2861 874 2947 galli
890 2874 1001 2927 cantus
1015 2885 1113 2949 spem,
1128 2863 1201 2942 iter,

248 2968 300 3027 vel
323 2987 403 3048 opus
430 2964 607 3029 inchoantis
631 2977 824 3050 promoveat.
881 2965 1014 3029 Tiberio
1038 2968 1200 3036 nascituro

245 3067 443 3149 praesignans
459 3064 564 3142 Livia,
575 3081 673 3128 ovum
690 3065 816 3148 gallinae
832 3063 1029 3128 subductum
1043 3088 1080 3128 eo
1095 3088 1199 3150 usque

246 3187 334 3238 nunc
364 3163 440 3241 suis,
470 3187 554 3229 nunc
584 3165 768 3228 ancillarum
806 3165 953 3230 manibus
981 3165 1070 3246 fovit,
1099 3166 1199 3230 donec

245 3265 351 3351 gallus
366 3264 532 3352 insigniter
546 3266 692 3332 cristatus
707 3269 856 3331 exclusus
869 3278 933 3340 est3
950 3267 1035 3331 unde
1050 3281 1080 3332 et
1096 3291 1200 3353 augu-

247 3390 298 3431 res
323 3389 480 3453 puerum3
513 3370 570 3455 qui
600 3371 775 3435 nasciturus
804 3380 882 3444 erat,
909 3367 1060 3434 dixerunt
1085 3393 1197 3456 regna-

247 3482 368 3535 turum.
414 3470 569 3548 Bubonis,
583 3469 712 3556 strygis,
727 3483 757 3535 et
774 3483 909 3552 noctuae,
920 3494 1043 3558 semper
1056 3471 1198 3538 infausta

247 3585 322 3636 suut
337 3575 453 3637 omina.
498 3576 627 3637 Noctua
647 3586 751 3637 tamen
774 3596 811 3637 eo
834 3573 920 3660 quod
941 3576 1044 3639 noctis
1059 3575 1198 3640 tenebris

245 3696 308 3737 non
336 3689 483 3756 caecatur,
506 3675 668 3760 diligentis
693 3677 830 3741 bominis
852 3677 1046 3762 vigilantiam
1069 3678 1193 3764 signat;

183 3794 185 3796 ·
247 3787 284 3840 ut
298 3775 330 3839 in
346 3789 505 3863 portento,
521 3802 588 3864 quo
602 3778 633 3842 in
650 3778 740 3843 hasta
763 3780 925 3858 Hieronis,
941 3802 1041 3867 quum
1060 3782 1196 3867 primum

245 3879 491 3964 progrederetur
513 3881 553 3944 ad
577 3881 709 3962 bellum,
729 3895 847 3948 noctua
868 3883 987 3949 dicitur
1009 3885 1196 3966 consedisse,

247 3980 426 4064 significans
441 4005 513 4046 eum
529 3982 676 4048 futurum
694 3982 981 4069 diligentissimum.
1027 3987 1196 4050 Bubonem

247 4080 345 4161 Dido,
365 4081 442 4147 dum
467 4084 651 4150 misceretur
670 4088 792 4163 AEneae,
809 4087 905 4152 sensit
929 4088 1114 4152 infaustum.
1161 4087 1195 4150 si

245 4184 396 4269 accipiter
419 4187 625 4273 quippiamve
645 4187 769 4272 generis
791 4189 899 4274 hjuus,
922 4190 982 4254 sub
1002 4189 1103 4278 oculis
1124 4209 1197 4276 pro-

244 4284 423 4366 ficiscentis,
449 4288 574 4354 solitam
601 4289 743 4374 rapinam
768 4303 924 4368 exerceat,
949 4279 1195 4357 intereundum
