3309 5309
219 655 285 700 car.
303 636 376 715 xu]
570 656 820 701 ronroamrccs.
1134 645 1173 700 83

217 808 347 872 tissimae
374 806 546 892 passiones.
592 808 756 871 Somnium
781 831 856 871 vero
883 810 972 893 cnjus
998 808 1171 893 appellatio

214 909 392 974 communis
413 922 473 983 est,
494 908 567 974 licet
589 909 621 973 in
644 909 747 995 specie
769 911 898 996 propria
921 923 1095 987 censeatur,
1111 934 1169 996 per

213 1012 364 1099 quaedam
388 1010 550 1076 involucra
573 1034 678 1076 rerum
700 1013 783 1099 gerit
809 1014 972 1100 imagines,
994 1014 1026 1076 in
1049 1012 1167 1099 quibus

212 1117 430 1202 conjectorum
459 1101 629 1201 praecipue
646 1115 813 1201 disciplina
840 1129 995 1193 versatur,
1019 1129 1051 1180 et
1081 1139 1166 1181 nunc

213 1239 308 1281 snum
331 1218 492 1303 cujusque
517 1228 575 1295 est,
596 1239 682 1281 nunc
707 1217 856 1296 alienum,
879 1240 964 1281 nunc
990 1240 1168 1299 commune,

212 1320 374 1385 interdum
399 1320 575 1406 publicum,
602 1333 657 1385 aut
682 1321 827 1407 generale
849 1335 907 1386 est.
954 1322 992 1384 In
1018 1320 1166 1384 hisvero

211 1423 362 1487 omnibus
383 1422 520 1508 qualitas
546 1445 766 1509 personarum,
789 1446 908 1497 rerum,
931 1436 962 1486 et
986 1435 1163 1508 temporum

211 1523 453 1608 diligentissime
474 1525 671 1589 observatur.
715 1529 764 1589 Ut
789 1528 873 1588 enim
898 1524 942 1588 ait
973 1527 1099 1601 Nestor,
1126 1524 1166 1587 de

213 1638 300 1690 statu
326 1626 457 1713 publico
486 1627 570 1713 regis
594 1626 745 1690 credatur
775 1628 908 1706 somnio,
931 1639 988 1689 aut
1011 1626 1080 1709 ejus
1109 1630 1166 1711 qui

211 1730 436 1813 magistratum
456 1730 551 1815 gerit,
567 1728 617 1791 vel
638 1751 671 1792 re
693 1728 822 1814 quidem
840 1728 889 1791 vel
905 1729 950 1791 rei
967 1726 1069 1789 vicina
1083 1749 1166 1810 prae·

212 1830 437 1909 destinatione,
459 1845 515 1895 aut
539 1832 564 1896 si
587 1831 726 1916 publicae
749 1831 888 1895 fortunae
911 1832 1038 1915 signnm
1060 1840 1166 1892 osten·

212 1957 285 1998 sum
310 1948 359 1999 est
383 1934 504 2011 multis,
531 1948 566 1998 ut
597 1934 629 1997 in
656 1956 694 1996 eo
723 1934 810 2019 quod
836 1933 984 2020 pluribus
1013 1932 1165 1996 Romanis

211 2017 347 2112 civibus,
378 2036 551 2100 secundum
582 2036 737 2122 quosdam
770 2036 893 2123 Sibylla
921 2038 1094 2122 interprete
1123 2033 1164 2097 de

214 2141 368 2225 mysterio
383 2138 617 2217 incarnationis,
632 2138 805 2203 revelatum
825 2139 984 2203 scribitur.
1030 2139 1074 2200 Et
1091 2137 1163 2223 qui·

212 2239 285 2304 dem
301 2262 364 2304 non
380 2240 475 2304 modo
489 2240 722 2318 incarnationis,
732 2241 786 2304 sed
802 2240 967 2326 passionis,
977 2237 1165 2305 ascensionis

211 2358 284 2427 post
305 2342 579 2420 resurrectionem,
594 2342 749 2407 adventus
769 2365 897 2428 quoque
918 2340 1047 2406 secundi
1069 2340 1165 2406 inter-

211 2468 296 2531 pres,
326 2444 461 2509 docente
486 2458 519 2508 et
543 2444 684 2509 dictante
708 2445 835 2529 spiritu,
862 2444 1012 2529 patefecit
1039 2467 1163 2522 arcana,

211 2548 294 2612 sicut
311 2549 343 2610 in
360 2546 506 2612 versibus
529 2546 693 2633 Sibyllinis
707 2546 873 2611 manifeste
888 2546 1032 2632 reperies.
1078 2547 1163 2621 Quo·

210 2672 284 2714 rum
299 2650 398 2727 istud,
414 2652 495 2715 sicut
514 2649 545 2713 in
566 2650 728 2736 plerisque
746 2662 875 2734 patrum
898 2647 1064 2733 scripturis
1078 2646 1165 2709 inve-

210 2755 312 2828 nitur,
327 2752 455 2817 initium
471 2764 537 2817 est:

351 2861 368 2911 J
369 2862 447 2913 udicii
459 2863 572 2929 signum,
585 2860 662 2913 tellus
675 2859 766 2912 sudore
777 2859 937 2911 mandescet.

210 2957 245 3020 Si
262 2977 338 3019 vero
359 2956 464 3042 apices
486 2955 636 3039 capitales
658 2954 857 3039 singulorum
882 2974 1029 3016 versuum
1053 2974 1092 3014 ex
1115 2974 1164 3014 or-

210 3057 285 3123 dine
306 3058 555 3141 eonjungantur,
570 3055 611 3120 ad
638 3055 894 3120 confundendam
918 3052 1083 3139 perfidiam
1105 3056 1127 3117 J
1130 3077 1164 3117 u-

210 3161 356 3226 daeorum
383 3157 443 3221 boc
472 3158 632 3222 invenitur
658 3179 861 3242 expressum:
893 3158 991 3219 Jesus
1018 3152 1166 3217 Christus

210 3258 296 3336 Θεὸς,
311 3256 438 3343 Zoelae:
463 3254 520 3319 nisi
545 3255 631 3341 quod
651 3256 683 3319 in
705 3254 814 3340 lingua
838 3255 956 3318 Latina
979 3254 1165 3317 Graecarum

207 3360 373 3426 literarum
390 3358 568 3444 proprietas
588 3357 627 3422 ad
649 3357 778 3442 plenum
794 3379 856 3419 non
872 3355 979 3442 potuit
993 3353 1163 3419 observari.

210 3462 308 3549 Ipsos
325 3481 538 3541 renovemus,
560 3472 596 3524 ut
620 3458 743 3547 opinor,
763 3458 849 3545 apud
876 3460 1008 3522 Beatum
1032 3458 1164 3542 Augus-

208 3563 313 3628 tinum
337 3562 368 3626 in
392 3562 473 3628 libro
496 3561 536 3626 de
560 3561 699 3626 Civitate
725 3561 787 3625 Dei
809 3560 958 3626 invenies.
1004 3562 1064 3625 Est
1087 3583 1163 3644 ergo

207 3664 354 3751 mysticae
368 3664 497 3729 visionis
511 3665 580 3750 ejus
595 3676 693 3751 caput
707 3677 739 3728 et
754 3685 879 3728 summa
893 3662 1039 3742 intentio,
1050 3664 1161 3727 Jesum

208 3769 267 3854 qui
295 3766 574 3851 praefigurabatur,
604 3766 825 3830 indubitanter
860 3788 927 3829 esse
962 3764 1061 3830 filium
1101 3765 1163 3829 Dei

207 3868 286 3946 vivi,
301 3868 461 3933 bominem
477 3890 601 3947 verum,
611 3867 754 3954 judicem
775 3866 930 3943 omnium,
946 3889 1051 3952 regem
1071 3880 1164 3932 aeter·

206 3992 297 4053 num,
309 3983 577 4036 remuneratorem
592 3968 785 4057 sperantium
799 3968 832 4032 in
848 3992 893 4049 se,
903 3980 1063 4033 auctorem
1077 3968 1165 4046 vitae,

205 4090 241 4137 et
266 4084 394 4138 aeternoe
425 4070 634 4137 beatitudinis
664 4094 702 4135 ex
733 4070 838 4155 gratia
868 4068 1061 4155 largitorem.
1116 4071 1165 4131 Re

210 4175 345 4260 quidem
371 4174 421 4237 vel
444 4175 489 4238 rei
512 4174 615 4239 vicina
636 4173 925 4261 praedestinatione,
949 4171 1021 4234 ideo
1044 4169 1166 4233 dictum

210 4290 272 4355 est,
287 4277 367 4363 quia
383 4277 588 4361 magistratus
609 4299 693 4340 nuno
714 4297 853 4362 praesens
866 4272 1070 4356 intelligitur,
1086 4289 1170 4331 nunc

666 4386 724 4441 οἳ
