3309 5309
347 682 413 728 car.
429 666 478 745 x.]
694 685 946 730 rocrcnarrcus.
1232 677 1296 734 249

345 857 490 898 excessus
512 834 614 897 omnis
636 834 666 897 in
693 835 810 921 culpa3
844 835 1063 923 bonarumque
1089 860 1196 902 rerum
1219 862 1294 904 con·

346 934 483 1000 suetudo
498 935 607 1012 nimia,
623 936 758 1020 pessima
772 949 828 999 est.
874 936 972 1000 Unde
988 937 1142 1019 Etbicusj

450 1061 543 1114 lusani
554 1060 658 1131 sapiens
670 1076 764 1112 nomen
775 1059 850 1124 feret,
861 1077 952 1128 aquus
963 1062 1060 1130 iniqui;

451 1147 531 1200 Ultra
541 1163 619 1214 quam
630 1146 694 1197 satis
706 1151 755 1210 est,
767 1146 889 1198 virtutem
900 1148 923 1199 si
933 1153 1006 1217 petet
1017 1149 1108 1218 ipsam.

346 1261 388 1322 Et
405 1257 639 1342 Philosophus:
664 1258 751 1322 Cave
766 1257 854 1343 quod
869 1271 917 1322 est
931 1259 1077 1337 nimium,
1092 1263 1171 1347 quia
1185 1264 1210 1327 si
1226 1265 1294 1330 boec

346 1361 416 1446 ipsa
444 1357 569 1423 cautela
599 1356 784 1421 modestiam
810 1357 938 1432 deserit,
963 1382 1001 1422 eo
1029 1361 1099 1446 ipso
1123 1386 1142 1425 a
1168 1366 1294 1431 tramite

347 1458 488 1533 virtutis,
516 1459 642 1523 incaute
670 1457 799 1523 recedit.
850 1458 996 1522 Salomon
1025 1482 1173 1547 quoque:
1208 1465 1294 1543 Noli,

347 1560 464 1645 inquit,
480 1582 546 1623 esse
560 1559 654 1623 nimis
663 1560 783 1644 justus.
814 1559 902 1632 Quid
918 1580 994 1643 ergo
1008 1560 1140 1625 nimium
1156 1566 1296 1650 prodest,

349 1659 374 1722 si
397 1661 508 1744 regina
529 1660 686 1725 virtutum
708 1659 849 1746 justitia,
868 1659 903 1722 iu
926 1659 975 1723 sui
997 1661 1160 1727 nimietate
1181 1665 1295 1730 obest?

347 1762 434 1826 Alibi
445 1784 589 1847 quoque:
609 1761 715 1826 Nimia
725 1760 1042 1841 humilitas,maxima
1054 1785 1127 1846 pars
1139 1768 1295 1850 superbire

347 1877 404 1926 est.
445 1860 493 1926 Ad
509 1862 666 1925 sinistram
683 1860 840 1924 declinare
855 1873 913 1935 est,
925 1883 982 1946 per
996 1861 1134 1946 abrupta
1146 1864 1296 1929 vitiorum

348 1962 433 2026 avia
446 1962 600 2026 virtutum
616 1961 772 2025 declinare
783 1961 833 2024 vel
844 1961 979 2025 deviare.
1012 1963 1106 2042 Item,
1117 1962 1297 2029 deflectitur

348 2064 388 2128 ad
405 2064 574 2141 sinistram,
590 2065 647 2150 qui
667 2062 698 2126 in
721 2065 937 2149 subjectorum
952 2064 1055 2150 culpis
1069 2064 1163 2129 nimis
1177 2089 1298 2151 pronus

349 2179 397 2231 est
412 2165 452 2230 ad
469 2165 653 2242 vindictam,
668 2178 699 2229 et
715 2165 755 2228 ad
771 2166 915 2230 dextram
931 2188 1073 2250 gressum
1089 2178 1229 2251 torquet,
1240 2171 1297 2254 qui

348 2268 609 2353 delinquentibus
623 2290 663 2330 ex
679 2268 921 2332 mansuetudine
933 2267 1026 2331 nimis
1036 2267 1192 2354 indulget.
1231 2272 1299 2335 Iter

351 2381 458 2431 autern
482 2380 656 2453 utrumque
678 2367 805 2432 devium
829 2382 888 2447 est,
904 2368 958 2433 sed
974 2370 1060 2454 quod
1084 2369 1124 2433 ad
1140 2370 1298 2436 sinistram

350 2467 454 2552 vergit
471 2467 675 2552 perniciosius
689 2482 747 2532 est.

372 2731 452 2814 Cap.
472 2736 519 2794 10.
546 2730 632 2805 Quid
645 2731 799 2792 utilitatis
814 2730 853 2791 de
867 2729 1104 2806 cuttujustitioe
1116 2730 1280 2811 principes

702 2831 950 2906 consequantur.

395 2963 465 3024 Suu
503 2958 654 3041 legitimae
688 2958 788 3042 hujus
821 2957 1031 3022 observantiae
1065 2980 1211 3042 quaenam
1242 2963 1302 3025 erit

351 3061 503 3124 utilitas?
541 3062 622 3122 Eam
654 3059 769 3144 utique
795 3059 1003 3145 propheticus
1027 3081 1129 3122 sermo
1157 3060 1304 3143 protinus
1391 3099 1395 3112 ·

350 3160 475 3226 subdit.
523 3160 580 3224 Ait
596 3161 698 3224 enim:
723 3162 770 3224 Ut
786 3161 882 3246 longo
897 3175 1039 3247 tempore
1054 3173 1164 3244 regnet
1179 3161 1257 3245 ipse,
1272 3175 1304 3225 et

350 3262 437 3325 filius
452 3262 521 3346 ejus
536 3284 631 3348 super
647 3265 754 3327 lsrael.
799 3264 884 3325 Ecce
895 3284 1041 3346 quaenum
1058 3273 1156 3325 tantae
1171 3260 1304 3325 difficul-

352 3366 429 3427 tatis
444 3363 553 3427 futura
568 3367 608 3427 sit
625 3385 753 3438 merces,
769 3364 849 3427 dum
865 3385 962 3446 regna
978 3376 1108 3447 paterna
1122 3361 1194 3425 filiis
1208 3361 1304 3447 longo

352 3475 495 3548 ternpore
515 3463 724 3548 protelantur.
771 3466 821 3527 De
838 3464 957 3527 virtute
976 3486 1113 3550 namque
1135 3476 1305 3549 parentum

353 3566 558 3650 protenditur
577 3566 732 3630 successio
754 3566 905 3639 filiorum,
928 3579 959 3629 et
983 3564 1215 3630 succedentium
1239 3565 1306 3628 teli-

354 3666 443 3741 citas,
459 3688 498 3727 ex
514 3665 734 3729 decedentium
756 3664 925 3750 iniquitate
939 3663 1176 3749 praescinditur.
1221 3664 1305 3727 Nam

356 3765 494 3849 Spiritus
520 3767 619 3829 sancti
646 3780 767 3830 certum
798 3779 845 3829 est
878 3765 1067 3840 testimonio,
1095 3765 1170 3851 quia
1193 3765 1305 3850 injusti

355 3865 546 3951 deperibunt
570 3867 675 3942 simul,
701 3882 732 3932 et
758 3867 901 3953 reliquiae
922 3867 1093 3953 impiorum
1117 3866 1305 3931 interibunt.

356 3968 448 4031 Salus
463 3981 569 4032 autern
585 3970 749 4052 justorum
764 3993 783 4032 a
798 3969 937 4034 Domino
951 3983 1009 4044 est,
1027 3972 1083 4054 qui
1098 3968 1238 4053 protegit
1253 3988 1306 4028 eos

353 4070 386 4132 in
404 4084 544 4155 tempore
561 4071 782 4136 tribulationis
830 4073 890 4135 Sed
909 4095 1008 4157 quum
1031 4071 1191 4134 aeternitas
1206 4065 1306 4127 totius

356 4170 505 4253 temporis
521 4184 768 4257 quantacunque
784 4172 837 4246 sit,
850 4194 906 4256 per
922 4169 1132 4234 minutissima
1147 4170 1306 4225 momenta

353 4269 491 4346 deficiat,
512 4291 543 4334 et
567 4275 597 4335 in
619 4293 657 4334 eo
679 4285 746 4336 toto
767 4295 828 4335 non
850 4272 909 4334 nisi
930 4269 1100 4333 admodum
1123 4266 1217 4326 breve
1240 4279 1305 4319 mo-
