<?xml version="1.0" encoding="UTF-8"?>
<!DOCTYPE html PUBLIC "-//W3C//DTD XHTML 1.0 Transitional//EN"
    "http://www.w3.org/TR/xhtml1/DTD/xhtml1-transitional.dtd">
<html xmlns="http://www.w3.org/1999/xhtml" xml:lang="en" lang="en">
 <head>
  <title>
</title>
<meta http-equiv="Content-Type" content="text/html;charset=utf-8" />
  <meta name='ocr-system' content='tesseract 3.04.00' />
  <meta name='ocr-capabilities' content='ocr_page ocr_carea ocr_par ocr_line ocrx_word'/>
</head>
<body>
  <div class='ocr_page' id='page_1' title='image "./joannissaresber04johngoog_0220.png"; bbox 0 0 3309 5309; ppageno 0'>
   <div class='ocr_carea' id='block_1_1' title="bbox 347 658 1295 737">
    <p class='ocr_par' dir='ltr' id='par_1_1' title="bbox 347 658 1295 737">
     <span class='ocr_line' id='line_1_1' title="bbox 347 658 1295 737; baseline -0.005 -12"><span class='ocrx_word' id='word_1_1' title='bbox 347 667 410 726; x_wconf 77' lang='lat'>204</span> <span class='ocrx_word' id='word_1_2' title='bbox 605 678 741 722; x_wconf 74' lang='lat' dir='ltr'>mannis</span> <span class='ocrx_word' id='word_1_3' title='bbox 757 676 1034 721; x_wconf 77' lang='lat' dir='ltr'><strong>SARESBERIENSIS</strong></span> <span class='ocrx_word' id='word_1_4' title='bbox 1146 658 1227 737; x_wconf 73' lang='lat' dir='ltr'>[ini.</span> <span class='ocrx_word' id='word_1_5' title='bbox 1245 676 1295 721; x_wconf 88' lang='lat'>111.</span> 
     </span>
    </p>
   </div>
   <div class='ocr_carea' id='block_1_2' title="bbox 262 828 1360 4359">
    <p class='ocr_par' dir='ltr' id='par_1_2' title="bbox 262 828 1360 3939">
     <span class='ocr_line' id='line_1_2' title="bbox 349 828 1298 915; baseline -0.006 -20"><span class='ocrx_word' id='word_1_6' title='bbox 349 832 495 895; x_wconf 85' lang='lat' dir='ltr'>Heredes</span> <span class='ocrx_word' id='word_1_7' title='bbox 510 852 638 915; x_wconf 90' lang='lat' dir='ltr'>quoque</span> <span class='ocrx_word' id='word_1_8' title='bbox 654 829 797 893; x_wconf 81' lang='lat' dir='ltr'>defuncti</span> <span class='ocrx_word' id='word_1_9' title='bbox 812 831 846 890; x_wconf 91' lang='lat' dir='ltr'>in</span> <span class='ocrx_word' id='word_1_10' title='bbox 862 828 999 892; x_wconf 90' lang='lat' dir='ltr'>solidum</span> <span class='ocrx_word' id='word_1_11' title='bbox 1016 829 1094 890; x_wconf 90' lang='lat' dir='ltr'>etin</span> <span class='ocrx_word' id='word_1_12' title='bbox 1111 838 1298 910; x_wconf 90' lang='lat' dir='ltr'>perpetuum</span> 
     </span>
     <span class='ocr_line' id='line_1_3' title="bbox 347 929 1296 1019; baseline -0.005 -24"><span class='ocrx_word' id='word_1_13' title='bbox 347 943 495 995; x_wconf 89' lang='lat' dir='ltr'>tenentur</span> <span class='ocrx_word' id='word_1_14' title='bbox 516 931 556 995; x_wconf 91' lang='lat' dir='ltr'>de</span> <span class='ocrx_word' id='word_1_15' title='bbox 580 954 629 1009; x_wconf 88' lang='lat' dir='ltr'>co,</span> <span class='ocrx_word' id='word_1_16' title='bbox 653 930 738 1019; x_wconf 80' lang='lat' dir='ltr'>quod</span> <span class='ocrx_word' id='word_1_17' title='bbox 763 929 802 994; x_wconf 95' lang='lat' dir='ltr'>ad</span> <span class='ocrx_word' id='word_1_18' title='bbox 826 952 882 993; x_wconf 90' lang='lat' dir='ltr'>eos</span> <span class='ocrx_word' id='word_1_19' title='bbox 905 929 1082 993; x_wconf 87' lang='lat' dir='ltr'>constiterit</span> <span class='ocrx_word' id='word_1_20' title='bbox 1105 930 1296 1011; x_wconf 87' lang='lat' dir='ltr'>pervenisse.</span> 
     </span>
     <span class='ocr_line' id='line_1_4' title="bbox 348 1028 1298 1115; baseline -0.007 -19"><span class='ocrx_word' id='word_1_21' title='bbox 348 1033 413 1096; x_wconf 87' lang='lat' dir='ltr'>Sed</span> <span class='ocrx_word' id='word_1_22' title='bbox 429 1033 507 1115; x_wconf 92' lang='lat' dir='ltr'>quid</span> <span class='ocrx_word' id='word_1_23' title='bbox 524 1031 686 1095; x_wconf 82' lang='lat' dir='ltr'>adulatore</span> <span class='ocrx_word' id='word_1_24' title='bbox 708 1030 871 1094; x_wconf 84' lang='lat' dir='ltr'>dolosius?</span> <span class='ocrx_word' id='word_1_25' title='bbox 910 1033 953 1093; x_wconf 88' lang='lat' dir='ltr'>At</span> <span class='ocrx_word' id='word_1_26' title='bbox 968 1031 1044 1092; x_wconf 91' lang='lat' dir='ltr'>mihi</span> <span class='ocrx_word' id='word_1_27' title='bbox 1060 1030 1139 1092; x_wconf 84' lang='lat' dir='ltr'>forte</span> <span class='ocrx_word' id='word_1_28' title='bbox 1155 1028 1298 1113; x_wconf 86' lang='lat' dir='ltr'>objicies,</span> 
     </span>
     <span class='ocr_line' id='line_1_5' title="bbox 349 1129 1300 1217; baseline -0.002 -22"><span class='ocrx_word' id='word_1_29' title='bbox 349 1135 510 1217; x_wconf 92' lang='lat' dir='ltr'>quianon</span> <span class='ocrx_word' id='word_1_30' title='bbox 535 1154 646 1195; x_wconf 89' lang='lat' dir='ltr'>omncs</span> <span class='ocrx_word' id='word_1_31' title='bbox 672 1133 757 1195; x_wconf 87' lang='lat' dir='ltr'>novi.</span> <span class='ocrx_word' id='word_1_32' title='bbox 802 1133 922 1193; x_wconf 90' lang='lat' dir='ltr'>Verum</span> <span class='ocrx_word' id='word_1_33' title='bbox 949 1130 1077 1214; x_wconf 91' lang='lat' dir='ltr'>quidem</span> <span class='ocrx_word' id='word_1_34' title='bbox 1102 1142 1169 1205; x_wconf 84' lang='lat' dir='ltr'>est3</span> <span class='ocrx_word' id='word_1_35' title='bbox 1201 1129 1257 1192; x_wconf 89' lang='lat' dir='ltr'>sed</span> <span class='ocrx_word' id='word_1_36' title='bbox 1283 1154 1300 1193; x_wconf 93' lang='lat' dir='ltr'>a</span> 
     </span>
     <span class='ocr_line' id='line_1_6' title="bbox 350 1232 1300 1298; baseline -0.003 -1"><span class='ocrx_word' id='word_1_37' title='bbox 350 1237 458 1298; x_wconf 90' lang='lat' dir='ltr'>multis</span> <span class='ocrx_word' id='word_1_38' title='bbox 474 1233 551 1297; x_wconf 89' lang='lat' dir='ltr'>mibi</span> <span class='ocrx_word' id='word_1_39' title='bbox 568 1233 716 1296; x_wconf 85' lang='lat' dir='ltr'>didicisse</span> <span class='ocrx_word' id='word_1_40' title='bbox 728 1233 838 1294; x_wconf 80' lang='lat' dir='ltr'>videor</span> <span class='ocrx_word' id='word_1_41' title='bbox 851 1233 991 1294; x_wconf 90' lang='lat' dir='ltr'>omnium</span> <span class='ocrx_word' id='word_1_42' title='bbox 1008 1253 1120 1294; x_wconf 90' lang='lat' dir='ltr'>mores.</span> <span class='ocrx_word' id='word_1_43' title='bbox 1154 1232 1300 1295; x_wconf 84' lang='lat' dir='ltr'>Duellius</span> 
     </span>
     <span class='ocr_line' id='line_1_7' title="bbox 344 1332 1300 1419; baseline -0.005 -21"><span class='ocrx_word' id='word_1_44' title='bbox 344 1337 413 1418; x_wconf 88' lang='lat' dir='ltr'>jam</span> <span class='ocrx_word' id='word_1_45' title='bbox 430 1357 539 1408; x_wconf 85' lang='lat' dir='ltr'>senex,</span> <span class='ocrx_word' id='word_1_46' title='bbox 551 1336 618 1419; x_wconf 89' lang='lat' dir='ltr'>jam</span> <span class='ocrx_word' id='word_1_47' title='bbox 632 1334 814 1418; x_wconf 88' lang='lat' dir='ltr'>decrepitus</span> <span class='ocrx_word' id='word_1_48' title='bbox 827 1353 959 1414; x_wconf 89' lang='lat' dir='ltr'>corpore</span> <span class='ocrx_word' id='word_1_49' title='bbox 972 1332 1132 1415; x_wconf 87' lang='lat' dir='ltr'>cordeque</span> <span class='ocrx_word' id='word_1_50' title='bbox 1144 1333 1300 1410; x_wconf 88' lang='lat' dir='ltr'>trementi,</span> 
     </span>
     <span class='ocr_line' id='line_1_8' title="bbox 350 1432 1300 1518; baseline -0.005 -19"><span class='ocrx_word' id='word_1_51' title='bbox 350 1437 464 1499; x_wconf 88' lang='lat' dir='ltr'>dolens</span> <span class='ocrx_word' id='word_1_52' title='bbox 476 1438 537 1499; x_wconf 92' lang='lat' dir='ltr'>sibi</span> <span class='ocrx_word' id='word_1_53' title='bbox 549 1438 775 1518; x_wconf 87' lang='lat' dir='ltr'>exprobratum</span> <span class='ocrx_word' id='word_1_54' title='bbox 791 1456 860 1496; x_wconf 90' lang='lat' dir='ltr'>esse</span> <span class='ocrx_word' id='word_1_55' title='bbox 877 1434 909 1495; x_wconf 90' lang='lat' dir='ltr'>in</span> <span class='ocrx_word' id='word_1_56' title='bbox 920 1434 1038 1516; x_wconf 86' lang='lat' dir='ltr'>jurgio,</span> <span class='ocrx_word' id='word_1_57' title='bbox 1049 1432 1136 1517; x_wconf 91' lang='lat' dir='ltr'>quod</span> <span class='ocrx_word' id='word_1_58' title='bbox 1154 1433 1218 1496; x_wconf 91' lang='lat' dir='ltr'>oris</span> <span class='ocrx_word' id='word_1_59' title='bbox 1228 1434 1300 1497; x_wconf 87' lang='lat' dir='ltr'>vitio</span> 
     </span>
     <span class='ocr_line' id='line_1_9' title="bbox 350 1534 1301 1617; baseline -0.004 -17"><span class='ocrx_word' id='word_1_60' title='bbox 350 1539 481 1600; x_wconf 83' lang='lat' dir='ltr'>soetidus</span> <span class='ocrx_word' id='word_1_61' title='bbox 502 1550 595 1614; x_wconf 90' lang='lat' dir='ltr'>esset,</span> <span class='ocrx_word' id='word_1_62' title='bbox 618 1559 652 1600; x_wconf 88' lang='lat' dir='ltr'>se</span> <span class='ocrx_word' id='word_1_63' title='bbox 673 1537 803 1599; x_wconf 89' lang='lat' dir='ltr'>domurn</span> <span class='ocrx_word' id='word_1_64' title='bbox 826 1536 972 1598; x_wconf 90' lang='lat' dir='ltr'>contulit.</span> <span class='ocrx_word' id='word_1_65' title='bbox 1018 1535 1189 1617; x_wconf 87' lang='lat' dir='ltr'>Quumque</span> <span class='ocrx_word' id='word_1_66' title='bbox 1211 1534 1301 1596; x_wconf 86' lang='lat' dir='ltr'>uxori</span> 
     </span>
     <span class='ocr_line' id='line_1_10' title="bbox 262 1632 1300 1721; baseline -0.002 -22"><span class='ocrx_word' id='word_1_67' title='bbox 262 1632 271 1643; x_wconf 81' lang='grc'><strong>’</strong></span> <span class='ocrx_word' id='word_1_68' title='bbox 350 1641 476 1720; x_wconf 85' lang='lat' dir='ltr'>gravius</span> <span class='ocrx_word' id='word_1_69' title='bbox 506 1650 698 1721; x_wconf 81' lang='lat' dir='ltr'>quereretur,</span> <span class='ocrx_word' id='word_1_70' title='bbox 725 1636 812 1720; x_wconf 91' lang='lat' dir='ltr'>quod</span> <span class='ocrx_word' id='word_1_71' title='bbox 840 1656 1004 1718; x_wconf 89' lang='lat' dir='ltr'>nunquam</span> <span class='ocrx_word' id='word_1_72' title='bbox 1034 1657 1106 1697; x_wconf 90' lang='lat' dir='ltr'>eum</span> <span class='ocrx_word' id='word_1_73' title='bbox 1138 1646 1300 1697; x_wconf 89' lang='lat' dir='ltr'>monuerat</span> 
     </span>
     <span class='ocr_line' id='line_1_11' title="bbox 348 1736 1360 1824; baseline -0.004 -22"><span class='ocrx_word' id='word_1_74' title='bbox 348 1741 443 1824; x_wconf 88' lang='lat' dir='ltr'>hujus</span> <span class='ocrx_word' id='word_1_75' title='bbox 460 1741 525 1802; x_wconf 87' lang='lat' dir='ltr'>ritii</span> <span class='ocrx_word' id='word_1_76' title='bbox 541 1761 680 1823; x_wconf 65' lang='lat' dir='ltr'>quaerere</span> <span class='ocrx_word' id='word_1_77' title='bbox 695 1738 903 1801; x_wconf 86' lang='lat' dir='ltr'>medicinam:</span> <span class='ocrx_word' id='word_1_78' title='bbox 928 1736 1228 1819; x_wconf 86' lang='lat' dir='ltr'>Fecissem‚inquit‚</span> <span class='ocrx_word' id='word_1_79' title='bbox 1241 1737 1300 1798; x_wconf 93' lang='lat' dir='ltr'>nisi</span> <span class='ocrx_word' id='word_1_80' title='bbox 1358 1805 1360 1811; x_wconf 19' lang='lat' dir='ltr'>y</span> 
     </span>
     <span class='ocr_line' id='line_1_12' title="bbox 348 1837 1299 1926; baseline -0.006 -20"><span class='ocrx_word' id='word_1_81' title='bbox 348 1855 510 1926; x_wconf 91' lang='lat' dir='ltr'>putassem</span> <span class='ocrx_word' id='word_1_82' title='bbox 534 1863 588 1904; x_wconf 84' lang='lat' dir='ltr'>ora</span> <span class='ocrx_word' id='word_1_83' title='bbox 614 1843 752 1903; x_wconf 83' lang='lat' dir='ltr'>virorum</span> <span class='ocrx_word' id='word_1_84' title='bbox 777 1839 920 1901; x_wconf 90' lang='lat' dir='ltr'>omnium</span> <span class='ocrx_word' id='word_1_85' title='bbox 942 1838 987 1900; x_wconf 90' lang='lat' dir='ltr'>sic</span> <span class='ocrx_word' id='word_1_86' title='bbox 1015 1838 1108 1900; x_wconf 89' lang='lat' dir='ltr'>olere.</span> <span class='ocrx_word' id='word_1_87' title='bbox 1154 1837 1299 1901; x_wconf 88' lang='lat' dir='ltr'>Laudare</span> 
     </span>
     <span class='ocr_line' id='line_1_13' title="bbox 350 1936 1299 2025; baseline -0.004 -21"><span class='ocrx_word' id='word_1_88' title='bbox 350 1943 468 2025; x_wconf 87' lang='lat' dir='ltr'>poteris</span> <span class='ocrx_word' id='word_1_89' title='bbox 484 1942 554 2025; x_wconf 89' lang='lat' dir='ltr'>ejus</span> <span class='ocrx_word' id='word_1_90' title='bbox 575 1941 766 2003; x_wconf 89' lang='lat' dir='ltr'>matrimonii</span> <span class='ocrx_word' id='word_1_91' title='bbox 788 1936 989 2023; x_wconf 87' lang='lat' dir='ltr'>pudicitiam,</span> <span class='ocrx_word' id='word_1_92' title='bbox 1004 1950 1037 2001; x_wconf 90' lang='lat' dir='ltr'>et</span> <span class='ocrx_word' id='word_1_93' title='bbox 1056 1939 1204 2022; x_wconf 81' lang='lat' dir='ltr'>praeferre</span> <span class='ocrx_word' id='word_1_94' title='bbox 1220 1939 1299 2021; x_wconf 89' lang='lat' dir='ltr'>pati·</span> 
     </span>
     <span class='ocr_line' id='line_1_14' title="bbox 350 2039 1299 2127; baseline -0.003 -21"><span class='ocrx_word' id='word_1_95' title='bbox 350 2046 469 2106; x_wconf 89' lang='lat' dir='ltr'>entiam</span> <span class='ocrx_word' id='word_1_96' title='bbox 485 2045 635 2117; x_wconf 91' lang='lat' dir='ltr'>mulieris,</span> <span class='ocrx_word' id='word_1_97' title='bbox 652 2066 723 2127; x_wconf 86' lang='lat' dir='ltr'>quae</span> <span class='ocrx_word' id='word_1_98' title='bbox 740 2043 798 2105; x_wconf 88' lang='lat' dir='ltr'>riri</span> <span class='ocrx_word' id='word_1_99' title='bbox 815 2043 925 2104; x_wconf 74' lang='lat' dir='ltr'>vitium</span> <span class='ocrx_word' id='word_1_100' title='bbox 942 2051 1030 2105; x_wconf 86' lang='lat' dir='ltr'>tanta</span> <span class='ocrx_word' id='word_1_101' title='bbox 1052 2043 1204 2126; x_wconf 90' lang='lat' dir='ltr'>patientia</span> <span class='ocrx_word' id='word_1_102' title='bbox 1220 2039 1299 2114; x_wconf 90' lang='lat' dir='ltr'>tulit,</span> 
     </span>
     <span class='ocr_line' id='line_1_15' title="bbox 350 2141 1299 2226; baseline -0.003 -21"><span class='ocrx_word' id='word_1_103' title='bbox 350 2155 385 2206; x_wconf 89' lang='lat' dir='ltr'>ut</span> <span class='ocrx_word' id='word_1_104' title='bbox 399 2143 453 2204; x_wconf 92' lang='lat' dir='ltr'>ille</span> <span class='ocrx_word' id='word_1_105' title='bbox 469 2142 687 2205; x_wconf 83' lang='lat' dir='ltr'>infelicitatem</span> <span class='ocrx_word' id='word_1_106' title='bbox 710 2143 862 2226; x_wconf 89' lang='lat' dir='ltr'>corporis,</span> <span class='ocrx_word' id='word_1_107' title='bbox 877 2162 941 2203; x_wconf 93' lang='lat' dir='ltr'>non</span> <span class='ocrx_word' id='word_1_108' title='bbox 963 2141 1072 2204; x_wconf 86' lang='lat' dir='ltr'>uxoris</span> <span class='ocrx_word' id='word_1_109' title='bbox 1088 2141 1230 2220; x_wconf 90' lang='lat' dir='ltr'>sastidi0,</span> <span class='ocrx_word' id='word_1_110' title='bbox 1245 2141 1299 2205; x_wconf 88' lang='lat' dir='ltr'>sed</span> 
     </span>
     <span class='ocr_line' id='line_1_16' title="bbox 349 2240 1300 2324; baseline -0.004 -17"><span class='ocrx_word' id='word_1_111' title='bbox 349 2241 521 2307; x_wconf 90' lang='lat' dir='ltr'>maledicto</span> <span class='ocrx_word' id='word_1_112' title='bbox 537 2243 670 2304; x_wconf 86' lang='lat' dir='ltr'>senserit</span> <span class='ocrx_word' id='word_1_113' title='bbox 685 2243 817 2306; x_wconf 92' lang='lat' dir='ltr'>inimici.</span> <span class='ocrx_word' id='word_1_114' title='bbox 849 2244 891 2305; x_wconf 86' lang='lat' dir='ltr'>At</span> <span class='ocrx_word' id='word_1_115' title='bbox 907 2253 939 2305; x_wconf 92' lang='lat' dir='ltr'>et</span> <span class='ocrx_word' id='word_1_116' title='bbox 953 2263 1013 2324; x_wconf 82' lang='lat' dir='ltr'>ego</span> <span class='ocrx_word' id='word_1_117' title='bbox 1030 2243 1070 2306; x_wconf 88' lang='lat' dir='ltr'>de</span> <span class='ocrx_word' id='word_1_118' title='bbox 1086 2240 1300 2306; x_wconf 87' lang='lat' dir='ltr'>adulatoribus</span> 
     </span>
     <span class='ocr_line' id='line_1_17' title="bbox 349 2342 1297 2426; baseline 0.005 -21"><span class='ocrx_word' id='word_1_119' title='bbox 349 2342 471 2425; x_wconf 91' lang='lat' dir='ltr'>aliquid</span> <span class='ocrx_word' id='word_1_120' title='bbox 488 2343 549 2404; x_wconf 90' lang='lat' dir='ltr'>tale</span> <span class='ocrx_word' id='word_1_121' title='bbox 565 2342 754 2425; x_wconf 86' lang='lat' dir='ltr'>respondeo,</span> <span class='ocrx_word' id='word_1_122' title='bbox 771 2343 848 2426; x_wconf 90' lang='lat' dir='ltr'>quia</span> <span class='ocrx_word' id='word_1_123' title='bbox 867 2366 977 2407; x_wconf 90' lang='lat' dir='ltr'>omnes</span> <span class='ocrx_word' id='word_1_124' title='bbox 993 2345 1127 2407; x_wconf 85' lang='lat' dir='ltr'>arbitror</span> <span class='ocrx_word' id='word_1_125' title='bbox 1142 2344 1190 2407; x_wconf 90' lang='lat' dir='ltr'>sic</span> <span class='ocrx_word' id='word_1_126' title='bbox 1207 2346 1297 2410; x_wconf 82' lang='lat' dir='ltr'>olere.</span> 
     </span>
     <span class='ocr_line' id='line_1_18' title="bbox 349 2442 1299 2528; baseline 0.002 -24"><span class='ocrx_word' id='word_1_127' title='bbox 349 2443 468 2504; x_wconf 88' lang='lat' dir='ltr'>Omnes</span> <span class='ocrx_word' id='word_1_128' title='bbox 484 2442 643 2504; x_wconf 82' lang='lat' dir='ltr'>fallaciam</span> <span class='ocrx_word' id='word_1_129' title='bbox 659 2453 690 2505; x_wconf 92' lang='lat' dir='ltr'>et</span> <span class='ocrx_word' id='word_1_130' title='bbox 705 2442 814 2505; x_wconf 91' lang='lat' dir='ltr'>dolum</span> <span class='ocrx_word' id='word_1_131' title='bbox 838 2445 992 2522; x_wconf 87' lang='lat' dir='ltr'>redolent,</span> <span class='ocrx_word' id='word_1_132' title='bbox 1007 2456 1039 2507; x_wconf 88' lang='lat' dir='ltr'>et</span> <span class='ocrx_word' id='word_1_133' title='bbox 1059 2465 1252 2528; x_wconf 89' lang='lat' dir='ltr'>quocunque</span> <span class='ocrx_word' id='word_1_134' title='bbox 1267 2464 1299 2507; x_wconf 92' lang='lat' dir='ltr'>se</span> 
     </span>
     <span class='ocr_line' id='line_1_19' title="bbox 348 2543 1299 2628; baseline 0.001 -22"><span class='ocrx_word' id='word_1_135' title='bbox 348 2551 480 2616; x_wconf 87' lang='lat' dir='ltr'>vertant,</span> <span class='ocrx_word' id='word_1_136' title='bbox 492 2543 620 2626; x_wconf 91' lang='lat' dir='ltr'>pudicis</span> <span class='ocrx_word' id='word_1_137' title='bbox 634 2545 775 2622; x_wconf 88' lang='lat' dir='ltr'>naribus,</span> <span class='ocrx_word' id='word_1_138' title='bbox 785 2544 872 2608; x_wconf 92' lang='lat' dir='ltr'>hune</span> <span class='ocrx_word' id='word_1_139' title='bbox 886 2545 1067 2628; x_wconf 83' lang='lat' dir='ltr'>important,</span> <span class='ocrx_word' id='word_1_140' title='bbox 1078 2567 1143 2608; x_wconf 92' lang='lat' dir='ltr'>non</span> <span class='ocrx_word' id='word_1_141' title='bbox 1159 2546 1299 2624; x_wconf 89' lang='lat' dir='ltr'>odorem,</span> 
     </span>
     <span class='ocr_line' id='line_1_20' title="bbox 348 2643 1299 2732; baseline 0.001 -25"><span class='ocrx_word' id='word_1_142' title='bbox 348 2643 405 2707; x_wconf 92' lang='lat' dir='ltr'>sed</span> <span class='ocrx_word' id='word_1_143' title='bbox 420 2645 573 2707; x_wconf 85' lang='lat' dir='ltr'>loetorom.</span> <span class='ocrx_word' id='word_1_144' title='bbox 618 2645 782 2729; x_wconf 84' lang='lat' dir='ltr'>Quicquid</span> <span class='ocrx_word' id='word_1_145' title='bbox 803 2667 878 2727; x_wconf 86' lang='lat' dir='ltr'>ergo</span> <span class='ocrx_word' id='word_1_146' title='bbox 894 2668 936 2709; x_wconf 87' lang='lat' dir='ltr'>ex</span> <span class='ocrx_word' id='word_1_147' title='bbox 952 2668 990 2709; x_wconf 92' lang='lat' dir='ltr'>ea</span> <span class='ocrx_word' id='word_1_148' title='bbox 1005 2668 1102 2710; x_wconf 91' lang='lat' dir='ltr'>causa</span> <span class='ocrx_word' id='word_1_149' title='bbox 1116 2648 1299 2732; x_wconf 90' lang='lat' dir='ltr'>acquiritur,</span> 
     </span>
     <span class='ocr_line' id='line_1_21' title="bbox 348 2746 1298 2834; baseline 0 -24"><span class='ocrx_word' id='word_1_150' title='bbox 348 2749 444 2811; x_wconf 87' lang='lat' dir='ltr'>etiarn</span> <span class='ocrx_word' id='word_1_151' title='bbox 460 2749 500 2810; x_wconf 93' lang='lat' dir='ltr'>ab</span> <span class='ocrx_word' id='word_1_152' title='bbox 516 2746 642 2810; x_wconf 85' lang='lat' dir='ltr'>haerede</span> <span class='ocrx_word' id='word_1_153' title='bbox 652 2748 739 2831; x_wconf 90' lang='lat' dir='ltr'>juste</span> <span class='ocrx_word' id='word_1_154' title='bbox 752 2759 857 2831; x_wconf 89' lang='lat' dir='ltr'>potest</span> <span class='ocrx_word' id='word_1_155' title='bbox 871 2750 974 2813; x_wconf 84' lang='lat' dir='ltr'>avelli.</span> <span class='ocrx_word' id='word_1_156' title='bbox 1013 2751 1085 2813; x_wconf 86' lang='lat' dir='ltr'>Nec</span> <span class='ocrx_word' id='word_1_157' title='bbox 1100 2750 1198 2813; x_wconf 88' lang='lat' dir='ltr'>credo</span> <span class='ocrx_word' id='word_1_158' title='bbox 1213 2747 1298 2834; x_wconf 93' lang='lat' dir='ltr'>quod</span> 
     </span>
     <span class='ocr_line' id='line_1_22' title="bbox 350 2847 1297 2934; baseline 0.002 -25"><span class='ocrx_word' id='word_1_159' title='bbox 350 2848 453 2930; x_wconf 90' lang='lat' dir='ltr'>possit</span> <span class='ocrx_word' id='word_1_160' title='bbox 467 2848 653 2930; x_wconf 89' lang='lat' dir='ltr'>petitoribus</span> <span class='ocrx_word' id='word_1_161' title='bbox 669 2847 801 2925; x_wconf 84' lang='lat' dir='ltr'>obviari,</span> <span class='ocrx_word' id='word_1_162' title='bbox 818 2848 845 2909; x_wconf 91' lang='lat' dir='ltr'>si</span> <span class='ocrx_word' id='word_1_163' title='bbox 861 2848 1028 2913; x_wconf 86' lang='lat' dir='ltr'>vendicare</span> <span class='ocrx_word' id='word_1_164' title='bbox 1046 2850 1196 2929; x_wconf 89' lang='lat' dir='ltr'>audeant,</span> <span class='ocrx_word' id='word_1_165' title='bbox 1212 2848 1297 2934; x_wconf 93' lang='lat' dir='ltr'>quod</span> 
     </span>
     <span class='ocr_line' id='line_1_23' title="bbox 349 2949 1298 3035; baseline 0 -22"><span class='ocrx_word' id='word_1_166' title='bbox 349 2949 565 3013; x_wconf 88' lang='lat' dir='ltr'>adulatoribus</span> <span class='ocrx_word' id='word_1_167' title='bbox 581 2952 793 3012; x_wconf 91' lang='lat' dir='ltr'>contulerunt.</span> <span class='ocrx_word' id='word_1_168' title='bbox 839 2950 904 3013; x_wconf 88' lang='lat' dir='ltr'>Sed</span> <span class='ocrx_word' id='word_1_169' title='bbox 927 2952 998 3035; x_wconf 92' lang='lat' dir='ltr'>quis</span> <span class='ocrx_word' id='word_1_170' title='bbox 1021 2952 1149 3034; x_wconf 89' lang='lat' dir='ltr'>sapiens</span> <span class='ocrx_word' id='word_1_171' title='bbox 1164 2963 1195 3015; x_wconf 90' lang='lat' dir='ltr'>et</span> <span class='ocrx_word' id='word_1_172' title='bbox 1209 2953 1298 3015; x_wconf 90' lang='lat' dir='ltr'>intel·</span> 
     </span>
     <span class='ocr_line' id='line_1_24' title="bbox 348 3051 1297 3136; baseline 0.001 -23"><span class='ocrx_word' id='word_1_173' title='bbox 348 3052 426 3133; x_wconf 88' lang='lat' dir='ltr'>liget</span> <span class='ocrx_word' id='word_1_174' title='bbox 440 3051 522 3115; x_wconf 86' lang='lat' dir='ltr'>ista?</span> <span class='ocrx_word' id='word_1_175' title='bbox 547 3053 612 3114; x_wconf 90' lang='lat' dir='ltr'>Aut</span> <span class='ocrx_word' id='word_1_176' title='bbox 624 3051 666 3114; x_wconf 91' lang='lat' dir='ltr'>ad</span> <span class='ocrx_word' id='word_1_177' title='bbox 681 3052 743 3114; x_wconf 92' lang='lat' dir='ltr'>boc</span> <span class='ocrx_word' id='word_1_178' title='bbox 761 3052 832 3135; x_wconf 92' lang='lat' dir='ltr'>quis</span> <span class='ocrx_word' id='word_1_179' title='bbox 848 3051 995 3131; x_wconf 91' lang='lat' dir='ltr'>idoneus,</span> <span class='ocrx_word' id='word_1_180' title='bbox 1008 3075 1107 3136; x_wconf 92' lang='lat' dir='ltr'>quum</span> <span class='ocrx_word' id='word_1_181' title='bbox 1122 3076 1189 3116; x_wconf 89' lang='lat' dir='ltr'>non</span> <span class='ocrx_word' id='word_1_182' title='bbox 1205 3053 1297 3116; x_wconf 93' lang='lat' dir='ltr'>modo</span> 
     </span>
     <span class='ocr_line' id='line_1_25' title="bbox 346 3153 1297 3232; baseline 0.002 -18"><span class='ocrx_word' id='word_1_183' title='bbox 346 3153 490 3215; x_wconf 91' lang='lat' dir='ltr'>inomni</span> <span class='ocrx_word' id='word_1_184' title='bbox 514 3154 619 3230; x_wconf 91' lang='lat' dir='ltr'>domo,</span> <span class='ocrx_word' id='word_1_185' title='bbox 642 3165 697 3216; x_wconf 92' lang='lat' dir='ltr'>aut</span> <span class='ocrx_word' id='word_1_186' title='bbox 718 3155 954 3216; x_wconf 87' lang='lat' dir='ltr'>conviventium</span> <span class='ocrx_word' id='word_1_187' title='bbox 981 3167 1078 3232; x_wconf 85' lang='lat' dir='ltr'>coetu,</span> <span class='ocrx_word' id='word_1_188' title='bbox 1102 3155 1297 3219; x_wconf 89' lang='lat' dir='ltr'>adulantium</span> 
     </span>
     <span class='ocr_line' id='line_1_26' title="bbox 348 3254 1297 3338; baseline 0.003 -24"><span class='ocrx_word' id='word_1_189' title='bbox 348 3265 435 3317; x_wconf 91' lang='lat' dir='ltr'>tanta</span> <span class='ocrx_word' id='word_1_190' title='bbox 465 3255 506 3317; x_wconf 90' lang='lat' dir='ltr'>sit</span> <span class='ocrx_word' id='word_1_191' title='bbox 536 3255 639 3338; x_wconf 90' lang='lat' dir='ltr'>copia,</span> <span class='ocrx_word' id='word_1_192' title='bbox 668 3270 702 3316; x_wconf 87' lang='lat' dir='ltr'>ut</span> <span class='ocrx_word' id='word_1_193' title='bbox 727 3254 753 3316; x_wconf 90' lang='lat' dir='ltr'>si</span> <span class='ocrx_word' id='word_1_194' title='bbox 780 3255 852 3336; x_wconf 94' lang='lat' dir='ltr'>quis</span> <span class='ocrx_word' id='word_1_195' title='bbox 879 3255 1042 3319; x_wconf 84' lang='lat' dir='ltr'>modestus</span> <span class='ocrx_word' id='word_1_196' title='bbox 1068 3256 1220 3320; x_wconf 80' lang='lat' dir='ltr'>adversus</span> <span class='ocrx_word' id='word_1_197' title='bbox 1244 3276 1297 3319; x_wconf 87' lang='lat' dir='ltr'>eos</span> 
     </span>
     <span class='ocr_line' id='line_1_27' title="bbox 349 3355 693 3433; baseline 0.009 -18"><span class='ocrx_word' id='word_1_198' title='bbox 349 3355 461 3416; x_wconf 90' lang='lat' dir='ltr'>mutire</span> <span class='ocrx_word' id='word_1_199' title='bbox 477 3355 604 3433; x_wconf 88' lang='lat' dir='ltr'>audeat,</span> <span class='ocrx_word' id='word_1_200' title='bbox 620 3357 693 3419; x_wconf 90' lang='lat' dir='ltr'>illos</span> 
     </span>
     <span class='ocr_line' id='line_1_28' title="bbox 453 3459 1182 3536; baseline 0.008 -26"><span class='ocrx_word' id='word_1_201' title='bbox 453 3459 585 3512; x_wconf 87' lang='lat' dir='ltr'>Defendat</span> <span class='ocrx_word' id='word_1_202' title='bbox 595 3479 724 3527; x_wconf 85' lang='lat' dir='ltr'>numerus,</span> <span class='ocrx_word' id='word_1_203' title='bbox 733 3464 882 3533; x_wconf 74' lang='lat' dir='ltr'>junctaeque</span> <span class='ocrx_word' id='word_1_204' title='bbox 894 3465 1003 3517; x_wconf 88' lang='lat' dir='ltr'>umbone</span> <span class='ocrx_word' id='word_1_205' title='bbox 1015 3465 1182 3536; x_wconf 77' lang='lat' dir='ltr'>phalanges?</span> 
     </span>
     <span class='ocr_line' id='line_1_29' title="bbox 348 3557 1295 3638; baseline 0.003 -17"><span class='ocrx_word' id='word_1_206' title='bbox 348 3558 442 3621; x_wconf 89' lang='lat' dir='ltr'>Certe</span> <span class='ocrx_word' id='word_1_207' title='bbox 471 3557 546 3619; x_wconf 92' lang='lat' dir='ltr'>dum</span> <span class='ocrx_word' id='word_1_208' title='bbox 571 3559 619 3620; x_wconf 81' lang='lat' dir='ltr'>vir</span> <span class='ocrx_word' id='word_1_209' title='bbox 643 3560 797 3623; x_wconf 89' lang='lat' dir='ltr'>honestus</span> <span class='ocrx_word' id='word_1_210' title='bbox 822 3563 963 3625; x_wconf 89' lang='lat' dir='ltr'>innitens</span> <span class='ocrx_word' id='word_1_211' title='bbox 993 3563 1213 3638; x_wconf 64' lang='lat' dir='ltr'>conscientiae,</span> <span class='ocrx_word' id='word_1_212' title='bbox 1238 3563 1295 3624; x_wconf 87' lang='lat' dir='ltr'>vir·</span> 
     </span>
     <span class='ocr_line' id='line_1_30' title="bbox 350 3661 1297 3746; baseline 0.007 -26"><span class='ocrx_word' id='word_1_213' title='bbox 350 3669 515 3742; x_wconf 89' lang='lat' dir='ltr'>tutumque</span> <span class='ocrx_word' id='word_1_214' title='bbox 530 3661 681 3724; x_wconf 87' lang='lat' dir='ltr'>insistens</span> <span class='ocrx_word' id='word_1_215' title='bbox 704 3663 830 3741; x_wconf 90' lang='lat' dir='ltr'>officiis,</span> <span class='ocrx_word' id='word_1_216' title='bbox 846 3665 954 3741; x_wconf 90' lang='lat' dir='ltr'>esurit,</span> <span class='ocrx_word' id='word_1_217' title='bbox 971 3665 1046 3743; x_wconf 88' lang='lat' dir='ltr'>sitit,</span> <span class='ocrx_word' id='word_1_218' title='bbox 1062 3666 1156 3746; x_wconf 85' lang='lat' dir='ltr'>alget,</span> <span class='ocrx_word' id='word_1_219' title='bbox 1174 3677 1206 3727; x_wconf 88' lang='lat' dir='ltr'>et</span> <span class='ocrx_word' id='word_1_220' title='bbox 1219 3665 1297 3727; x_wconf 93' lang='lat' dir='ltr'>mul·</span> 
     </span>
     <span class='ocr_line' id='line_1_31' title="bbox 348 3760 1138 3850; baseline 0.009 -28"><span class='ocrx_word' id='word_1_221' title='bbox 348 3760 476 3843; x_wconf 89' lang='lat' dir='ltr'>tiplices</span> <span class='ocrx_word' id='word_1_222' title='bbox 491 3760 626 3824; x_wconf 89' lang='lat' dir='ltr'>sortunae</span> <span class='ocrx_word' id='word_1_223' title='bbox 643 3763 841 3846; x_wconf 86' lang='lat' dir='ltr'>indignantis</span> <span class='ocrx_word' id='word_1_224' title='bbox 856 3767 987 3849; x_wconf 90' lang='lat' dir='ltr'>injurias</span> <span class='ocrx_word' id='word_1_225' title='bbox 1003 3768 1138 3850; x_wconf 87' lang='lat' dir='ltr'>excipit,</span> 
     </span>
     <span class='ocr_line' id='line_1_32' title="bbox 452 3864 998 3939; baseline 0.015 -23"><span class='ocrx_word' id='word_1_226' title='bbox 452 3864 521 3916; x_wconf 89' lang='lat' dir='ltr'>Vilis</span> <span class='ocrx_word' id='word_1_227' title='bbox 533 3865 651 3918; x_wconf 88' lang='lat' dir='ltr'>adulator</span> <span class='ocrx_word' id='word_1_228' title='bbox 663 3870 731 3938; x_wconf 89' lang='lat' dir='ltr'>picto</span> <span class='ocrx_word' id='word_1_229' title='bbox 739 3871 811 3939; x_wconf 88' lang='lat' dir='ltr'>jacet</span> <span class='ocrx_word' id='word_1_230' title='bbox 823 3873 909 3924; x_wconf 85' lang='lat' dir='ltr'>ebrius</span> <span class='ocrx_word' id='word_1_231' title='bbox 921 3878 998 3935; x_wconf 92' lang='lat' dir='ltr'>ostro,</span> 
     </span>
    </p>

    <p class='ocr_par' dir='ltr' id='par_1_3' title="bbox 346 3962 1295 4359">
     <span class='ocr_line' id='line_1_33' title="bbox 349 3962 1295 4051; baseline 0.007 -25"><span class='ocrx_word' id='word_1_232' title='bbox 349 3962 467 4026; x_wconf 90' lang='lat' dir='ltr'>delitiis</span> <span class='ocrx_word' id='word_1_233' title='bbox 481 3962 689 4043; x_wconf 85' lang='lat' dir='ltr'>ingurgitatur</span> <span class='ocrx_word' id='word_1_234' title='bbox 712 3966 752 4027; x_wconf 92' lang='lat' dir='ltr'>ad</span> <span class='ocrx_word' id='word_1_235' title='bbox 777 3970 951 4051; x_wconf 89' lang='lat' dir='ltr'>crapulam,</span> <span class='ocrx_word' id='word_1_236' title='bbox 968 3971 1042 4032; x_wconf 86' lang='lat' dir='ltr'>vino</span> <span class='ocrx_word' id='word_1_237' title='bbox 1067 3981 1192 4050; x_wconf 77' lang='lat' dir='ltr'>aestuat,</span> <span class='ocrx_word' id='word_1_238' title='bbox 1205 3971 1295 4034; x_wconf 86' lang='lat' dir='ltr'>lauti·</span> 
     </span>
     <span class='ocr_line' id='line_1_34' title="bbox 347 4063 1294 4154; baseline 0.008 -26"><span class='ocrx_word' id='word_1_239' title='bbox 347 4067 453 4128; x_wconf 87' lang='lat' dir='ltr'>oribus</span> <span class='ocrx_word' id='word_1_240' title='bbox 469 4063 552 4127; x_wconf 90' lang='lat' dir='ltr'>cibis</span> <span class='ocrx_word' id='word_1_241' title='bbox 567 4064 767 4145; x_wconf 89' lang='lat' dir='ltr'>distenditur,</span> <span class='ocrx_word' id='word_1_242' title='bbox 779 4083 811 4132; x_wconf 90' lang='lat' dir='ltr'>et</span> <span class='ocrx_word' id='word_1_243' title='bbox 825 4093 884 4154; x_wconf 91' lang='lat' dir='ltr'>pro</span> <span class='ocrx_word' id='word_1_244' title='bbox 900 4073 1028 4135; x_wconf 88' lang='lat' dir='ltr'>arbitrio</span> <span class='ocrx_word' id='word_1_245' title='bbox 1043 4074 1139 4136; x_wconf 90' lang='lat' dir='ltr'>variis</span> <span class='ocrx_word' id='word_1_246' title='bbox 1154 4073 1294 4138; x_wconf 86' lang='lat' dir='ltr'>artificiis</span> 
     </span>
     <span class='ocr_line' id='line_1_35' title="bbox 346 4166 1293 4250; baseline 0.006 -21"><span class='ocrx_word' id='word_1_247' title='bbox 346 4168 463 4230; x_wconf 86' lang='lat' dir='ltr'>coelum</span> <span class='ocrx_word' id='word_1_248' title='bbox 480 4166 541 4229; x_wconf 90' lang='lat' dir='ltr'>sibi</span> <span class='ocrx_word' id='word_1_249' title='bbox 558 4178 785 4250; x_wconf 87' lang='lat' dir='ltr'>contemperat.</span> <span class='ocrx_word' id='word_1_250' title='bbox 832 4174 954 4236; x_wconf 89' lang='lat' dir='ltr'>Primos</span> <span class='ocrx_word' id='word_1_251' title='bbox 975 4174 1073 4237; x_wconf 90' lang='lat' dir='ltr'>habet</span> <span class='ocrx_word' id='word_1_252' title='bbox 1087 4177 1249 4238; x_wconf 89' lang='lat' dir='ltr'>recubitus</span> <span class='ocrx_word' id='word_1_253' title='bbox 1264 4175 1293 4236; x_wconf 93' lang='lat' dir='ltr'>in</span> 
     </span>
     <span class='ocr_line' id='line_1_36' title="bbox 347 4268 1294 4359; baseline 0.007 -29"><span class='ocrx_word' id='word_1_254' title='bbox 347 4269 457 4346; x_wconf 90' lang='lat' dir='ltr'>coenis,</span> <span class='ocrx_word' id='word_1_255' title='bbox 483 4268 515 4329; x_wconf 91' lang='lat' dir='ltr'>in</span> <span class='ocrx_word' id='word_1_256' title='bbox 539 4269 748 4332; x_wconf 86' lang='lat' dir='ltr'>conventibus</span> <span class='ocrx_word' id='word_1_257' title='bbox 772 4272 889 4354; x_wconf 91' lang='lat' dir='ltr'>primos</span> <span class='ocrx_word' id='word_1_258' title='bbox 919 4295 1101 4352; x_wconf 90' lang='lat' dir='ltr'>consessus,</span> <span class='ocrx_word' id='word_1_259' title='bbox 1128 4277 1294 4359; x_wconf 70' lang='lat' dir='ltr'>praeelecto</span> 
     </span>
    </p>
   </div>
   <div class='ocr_carea' id='block_1_3' title="bbox 0 0 1660 5309">
    <p class='ocr_par' dir='ltr' id='par_1_4' title="bbox 0 0 1660 5309">
     <span class='ocr_line' id='line_1_37' title="bbox 0 0 1660 5309; baseline 0 0"><span class='ocrx_word' id='word_1_260' title='bbox 0 0 1660 5309; x_wconf 95' lang='lat' dir='ltr'> </span> 
     </span>
    </p>
   </div>
  </div>
 </body>
</html>
