3309 5309
266 625 336 672 cnr.
352 608 428 688 v11.]
630 594 884 670 roarcunrrcus.
1023 625 1027 631 ·
1175 607 1214 664 41

268 798 300 840 se
315 777 392 841 satis
406 776 578 856 insaniunt,
593 775 654 840 nisi
672 773 866 838 carminibus
879 771 1078 837 excitentur?
1102 774 1216 836 Nonne

266 876 352 942 istud
378 878 484 963 arguit
513 877 683 954 Dominus,
705 875 830 940 diceus:
862 875 920 938 Vae
942 872 998 959 qui
1023 874 1216 958 consurgitis

172 1054 175 1063 Ι
265 998 356 1040 mane
377 976 417 1041 ad
438 976 621 1042 ebrietatem
645 976 839 1053 sectandam,
861 988 893 1039 et
915 973 1091 1059 potandum
1114 996 1217 1060 usque

266 1076 308 1140 ad
331 1100 504 1164 vesperam,
521 1091 558 1144 ut
577 1082 650 1143 vino
667 1079 817 1143 aestuetis.
856 1077 1009 1161 Cythera,
1032 1087 1064 1140 et
1087 1076 1167 1161 lyra,
1183 1087 1216 1140 et

267 1191 467 1268 tympanum,
482 1195 514 1246 et
531 1182 621 1258 tibia,
637 1194 669 1245 et
684 1178 793 1243 vinum
809 1179 842 1243 in
857 1177 1009 1242 conviviis
1024 1179 1155 1252 restria,
1182 1190 1215 1243 et

265 1305 346 1368 opus
358 1283 489 1346 Domini
500 1306 562 1347 nou
575 1283 742 1368 respicitis,
755 1293 787 1346 et
799 1304 896 1367 opera
908 1303 1059 1344 manuum
1071 1280 1141 1366 ejus
1151 1302 1214 1344 uon

265 1384 481 1450 consideratis.
521 1385 606 1460 Quid
631 1385 717 1470 quod
741 1407 799 1448 rex
822 1383 999 1468 Babylonis
1017 1405 1079 1446 non
1100 1383 1160 1446 uisi
1180 1383 1213 1446 in

265 1486 413 1549 convivio
442 1486 521 1550 vidit
552 1508 679 1550 manum
711 1485 876 1549 scribentis
905 1485 937 1547 in
963 1487 1083 1571 pariete
1109 1505 1214 1564 unua,

264 1608 413 1667 THEKEL,
434 1609 574 1669 PHARES,
590 1611 656 1674 quo
675 1611 809 1673 regnum
830 1586 1075 1663 dinumeratum,
1095 1606 1214 1670 appen-

267 1712 338 1753 sum
351 1690 563 1754 denunciatur
574 1703 607 1755 et
619 1689 769 1754 scissum?
793 1687 913 1751 Divino
922 1686 1078 1774 siquidem
1091 1686 1214 1771 judicio

264 1790 446 1876 principatu
476 1791 644 1876 judicatur
679 1789 844 1874 indigum,
873 1788 931 1874 qui
967 1811 1043 1852 vasa
1072 1788 1213 1866 Domini,

263 1892 403 1956 humana
423 1892 569 1956 videlicet
589 1913 732 1977 corpora,
746 1892 779 1952 in
795 1912 885 1953 vanae
906 1887 1081 1972 voluptatis
1095 1888 1214 1972 gaudia

263 1994 404 2080 exponit,
421 2006 453 2059 et
469 1994 576 2080 sponsi
592 1993 766 2058 thalamum
782 1990 914 2077 maligni
930 1991 1061 2077 spiritus
1076 1990 1214 2053 immun-¹

264 2094 354 2159 diciis
368 2096 479 2182 aperit.

366 2226 478 2281 Centum
489 2228 629 2281 luminibus
641 2229 753 2280 cinctum
765 2233 843 2299 caput
854 2227 943 2296 Argus
954 2228 1081 2281 habebat:

263 2370 336 2432 quae
355 2349 460 2411 omnia
483 2351 578 2412 unius
600 2346 714 2413 fistulae
736 2347 914 2433 voluptate,
932 2369 994 2410 non
1018 2360 1083 2411 tam
1107 2348 1211 2432 sopita

262 2462 347 2522 suut,
364 2471 459 2535 quam
476 2449 626 2513 extincta.
666 2447 719 2512 Tu
735 2448 807 2534 quis
822 2471 866 2528 es,
881 2448 939 2531 qui
958 2461 989 2512 te
1004 2449 1210 2534 circumspec-

261 2554 373 2616 tiorem
389 2572 454 2615 esse
470 2550 623 2615 confidis?

309 2848 390 2932 Cap.
407 2848 436 2913 7.
460 2848 512 2911 De
527 2847 791 2911 dissimilitudine
806 2846 951 2928 Augusti
964 2854 995 2910 et
1009 2848 1159 2911 Neronis.

304 3002 463 3062 Anausin
485 3002 722 3085 tympanizante
745 2999 776 3060 iu
799 3021 897 3078 crena,
913 3022 931 3061 a
946 2998 1085 3083 quodam
1109 2998 1209 3062 milite

260 3098 411 3182 probrose
433 3097 554 3161 dictum
579 3108 644 3161 est:
683 3099 836 3162 Vides-ue
864 3113 901 3162 ut
931 3097 1072 3162 cinaedus
1100 3099 1208 3160 orbem

260 3200 364 3284 digito
389 3203 566 3284 temperet?
599 3199 700 3284 Cujus
726 3197 777 3262 ille
800 3198 889 3261 verbi
912 3219 1079 3282 percussus
1096 3198 1210 3261 amari·

260 3301 382 3376 tudine,
399 3325 444 3380 os,
461 3323 584 3378 manus,
599 3314 631 3365 et
646 3300 788 3365 animum
803 3299 834 3362 in
851 3324 953 3364 aevum
970 3300 1011 3364 ab
1026 3301 1209 3388 hujusmodi

258 3402 388 3468 levitate
403 3402 588 3489 suspendit;
616 3403 795 3488 habuitque
809 3425 932 3487 semper
945 3403 1081 3488 gratiam
1096 3426 1210 3489 expro-

259 3504 376 3570 branti.
415 3506 478 3568 Sed
495 3505 588 3590 longe
605 3529 695 3570 secus
711 3509 808 3586 Nero,
823 3526 886 3568 nou
901 3502 1138 3588 imperatorum,
1154 3507 1210 3571 sed

260 3605 423 3668 hominum
440 3605 642 3686 foedissimus,
654 3605 711 3691 qui
726 3603 806 3669 adeo
821 3605 973 3670 scribitur
984 3619 1098 3693 captus
1113 3630 1209 3672 amoe-

260 3704 359 3769 nitate
374 3705 471 3782 vocis,
487 3719 524 3769 ut
544 3727 607 3768 non
629 3705 723 3770 modo
738 3705 842 3791 pomis
861 3707 1002 3791 cibisque
1019 3707 1207 3774 nocentibus

259 3803 441 3882 abstineret,
454 3804 507 3868 sed
519 3805 589 3890 ejus
600 3805 703 3889 gratia
714 3804 947 3882 conservanda,
957 3806 1116 3892 frequenti
1128 3808 1208 3893 clys-

260 3906 339 3970 terio
356 3907 540 3993 vomituque
560 3920 762 3993 purgaretur,
779 3908 1027 3994 plumbeamque
1046 3909 1206 3975 cartellam

261 4010 372 4094 supino
387 4023 506 4087 ventre,
519 4011 669 4074 mandato
681 4010 895 4095 physicorum,
907 4014 1024 4098 saepius
1038 4026 1069 4077 et
1085 4013 1206 4076 diutius

259 4109 434 4176 sustineret.
482 4112 568 4176 Adeo
592 4135 665 4176 vero
681 4113 900 4178 delectabatur
920 4117 951 4176 in
968 4127 1075 4189 cantu,
1093 4127 1127 4176 ut
1149 4136 1205 4174 nec

259 4208 393 4290 theatro,
410 4225 502 4278 terrae
526 4226 614 4276 motu
639 4236 798 4288 concusso,
816 4236 916 4297 quum
941 4212 1039 4274 semel·
1056 4226 1203 4295 eruperat,
