3309 5309
229 634 426 714 cae.xv111.]
582 649 835 696 eoticmrtcus.
1144 642 1184 699 95

230 803 398 866 ciosissime
429 802 648 890 prolabantur.
709 801 817 865 Primo
849 824 986 887 namque
1016 825 1065 865 res
1103 827 1183 888 quas

228 918 343 970 natura
357 910 475 972 creavit
494 905 682 986 discutiunt,
697 927 814 989 easque
839 903 1059 990 multipliciter
1081 906 1184 969 inres-

162 1073 166 1081 ,
229 1007 344 1093 tigant,
367 1030 451 1073 nunc
474 1007 638 1095 quomodo
662 1030 702 1071 ex
726 1006 874 1093 partibus
896 1006 973 1085 suis,
994 1029 1078 1074 nunc
1102 1031 1182 1093 quo-

229 1111 322 1187 modo
333 1131 373 1172 ex
385 1108 517 1174 materia
528 1122 560 1174 et
571 1109 673 1173 forma
684 1119 830 1172 constant
843 1106 1047 1193 inquirentes.
1087 1110 1181 1187 Quod

230 1200 267 1276 ut
282 1210 407 1276 facilius
421 1211 552 1297 possint,
568 1233 718 1275 sensuum
733 1209 814 1274 vires
830 1223 975 1296 pensant,
989 1223 1022 1275 et
1043 1211 1183 1275 intellec-

228 1326 283 1378 tus
298 1313 465 1377 efficaciam
479 1314 664 1378 metiuntur.
703 1313 748 1377 Et
764 1313 843 1399 quia
858 1334 1007 1377 sensuum
1023 1313 1184 1378 hebetudo

227 1436 336 1478 rerum
354 1436 576 1498 corporearum
591 1425 736 1477 naturam
759 1435 821 1476 non
844 1413 1088 1498 transgreditur,
1103 1438 1183 1500 pau-

227 1515 319 1579 latim
349 1515 482 1580 aliorum
516 1515 671 1580 beneficio
699 1515 742 1578 ad
779 1514 947 1579 subtiliora
976 1531 1183 1603 consurgunt.

227 1617 325 1684 Visus
339 1617 458 1681 etenim
473 1618 505 1680 in
522 1616 590 1681 solo
606 1638 750 1702 corpore,
766 1638 868 1701 eoque
883 1630 1050 1701 praeseute,
1065 1619 1184 1683 colores

229 1731 353 1783 tanturn
379 1731 412 1783 ct
438 1719 633 1805 quantitates
657 1717 825 1788 examinat,
851 1729 883 1781 et
907 1717 1037 1800 figuras.
1083 1720 1185 1784 &aas

230 1824 316 1885 solus
331 1820 487 1905 contingit
503 1819 662 1884 auditum.
710 1819 835 1884 Gustus
849 1818 890 1883 de
913 1819 1078 1903 saporibus
1094 1822 1184 1908 judi·

226 1937 291 1989 cat.
336 1922 512 1990 Olfaciendi
529 1923 625 1987 visin
647 1923 800 1987 odoribus
815 1935 883 1987 tota
899 1936 1051 1988 versatur.
1097 1924 1184 2001 Quid

229 2027 359 2105 durum,
376 2027 455 2113 quid
471 2027 566 2093 molle
581 2026 638 2106 sit,
650 2027 727 2112 quid
743 2026 823 2103 lene,
840 2025 918 2112 quid
934 2048 1092 2111 asperum,
1103 2026 1184 2112 quid

230 2127 453 2214 ponderosum,
468 2127 548 2213 quid
573 2128 652 2203 leve,
668 2128 747 2213 quid
772 2127 911 2193 calidum
937 2141 994 2192 aut
1018 2128 1183 2214 frigidam,

230 2230 311 2315 quid
325 2231 492 2294 humidum
509 2231 549 2295 sit
569 2243 625 2295 aut
641 2233 770 2311 siccum,
786 2244 893 2296 tactus
914 2231 1076 2296 discernit.
1123 2235 1184 2296 Est

229 2330 390 2396 interdum
419 2331 533 2414 figurae
562 2331 755 2418 explorator,
777 2343 809 2396 et
840 2331 1030 2418 quantitatis
1051 2344 1083 2395 et
1105 2355 1183 2419 pon·

230 2431 315 2495 deris
337 2433 488 2497 conscius.
533 2433 685 2498 Dolorem
708 2456 838 2519 qnoque
861 2433 1008 2519 percipit,
1023 2445 1055 2498 et
1071 2433 1183 2519 volup·

231 2546 340 2597 tatem.
387 2535 485 2620 lsque
501 2557 557 2621 per
572 2556 679 2599 omnes
694 2535 760 2598 fere
774 2535 891 2600 sensati
914 2535 1056 2619 corporis
1077 2548 1184 2620 partes

231 2633 435 2717 diffunditur,
451 2637 595 2723 adeoque
610 2637 723 2701 animae
742 2637 906 2700 cohaerens
928 2648 987 2713 est,
1004 2648 1041 2698 ut
1063 2659 1101 2699 eo
1122 2637 1186 2700 dis-

231 2735 361 2800 cedente
377 2735 524 2801 videatur
545 2749 576 2800 et
602 2747 669 2800 tota
691 2735 832 2822 corporis
846 2736 913 2799 vita
935 2733 1104 2801 discedere.
1152 2737 1185 2800 Si

231 2859 306 2900 vero
320 2860 488 2923 corporum
500 2838 679 2902 absentium
696 2837 848 2923 praefatas
860 2834 1070 2922 proprietates
1079 2839 1184 2923 inqui-

230 2939 285 3017 τίς,
308 2939 353 3001 eis
376 2938 435 3002 tibi
466 2950 566 3003 tracta
589 2937 796 3002 similitudine
820 2938 862 3001 ab
892 2937 942 3000 bis
972 2959 1052 3022 quas
1077 2960 1186 3002 sensus

229 3041 374 3122 agnovit,
403 3037 520 3120 poterit
549 3036 734 3119 imaginatio
764 3048 969 3123 praesentare,
992 3057 1065 3121 quae
1096 3049 1186 3102 tanto

228 3137 291 3203 erit
304 3136 438 3212 fidelior,
449 3149 570 3221 quanto
580 3137 757 3223 expressior
768 3137 866 3201 fuerit
880 3136 1065 3200 similitudo.
1089 3138 1186 3202 Unde

229 3252 260 3305 et
277 3239 413 3326 Tityrus
427 3238 515 3324 apud
531 3241 708 3315 Maronem,
725 3261 786 3302 uon
804 3250 956 3303 assecutae
971 3236 1186 3304 similitudinis

231 3342 311 3406 vitio
332 3340 452 3427 lapsam
470 3340 529 3405 sibi
544 3341 693 3426 queritur
707 3339 976 3426 imaginationem.

338 3475 439 3528 Urbem
452 3492 530 3544 quam
542 3474 631 3527 dicunt
644 3474 764 3539 Romam,
778 3473 914 3540 Meliboee,
927 3475 1017 3545 putavi

339 3559 439 3613 Stultus
452 3578 502 3624 ego
513 3559 573 3613 hnic
584 3564 680 3613 nostrae
692 3558 812 3625 similem,
824 3577 875 3628 qno
887 3575 958 3631 saepc
970 3559 1080 3613 solemus

337 3646 459 3698 Pastores
471 3646 557 3698 crium
568 3650 670 3696 teneros
682 3644 813 3716 depellere
824 3643 916 3697 faetus:

336 3731 435 3785 Verum
447 3731 504 3784 baec
516 3734 618 3782 tantum
630 3729 696 3782 alias
708 3731 776 3782 intor
787 3735 865 3802 caput
876 3729 971 3783 extudit
981 3732 1067 3798 urbes,

338 3816 471 3880 Quantum
481 3816 554 3869 lenta
565 3815 649 3868 solent
658 3817 726 3868 inter
736 3817 846 3868 viburna
857 3819 979 3888 cupressi.

235 3936 290 4001 Sia
313 3947 420 3999 autem
443 3932 630 3997 familiarius
652 3936 843 4019 expresserit
866 3933 910 3997 rei
933 3934 1182 4013 similitudinem,

232 4037 335 4102 fidelis
349 4050 381 4101 et
398 4059 472 4100 vera
483 4053 530 4100 est
540 4035 737 4120 imaginatio,
750 4036 837 4122 quali
850 4037 953 4102 utitur
965 4039 1184 4103 Andromache

233 4143 321 4227 apud
336 4139 526 4224 Virgilium:

339 4265 363 4316 0
375 4264 439 4316 mihi
451 4265 506 4316 sola
517 4263 568 4314 mei
581 4279 658 4332 saper
671 4261 841 4328 Astyanactis
852 4263 946 4326 imago,
