3309 5309
492 639 533 697 42
759 648 895 693 Jonurus
910 608 1187 691 sanasunnurusu
1323 628 1405 707 [nm.
1423 650 1445 691 1.

490 800 707 888 egrederetur,
722 812 894 884 antequam
914 797 1062 862 inchoata
1084 798 1199 862 finiret.
1246 796 1313 860 Nec
1335 820 1446 883 quem-

489 926 582 989 quam
601 901 709 989 egredi
725 925 763 965 eo
778 912 926 964 cantante
938 900 1062 964 licitum
1076 913 1154 964 erat.
1186 899 1282 963 Unde
1298 900 1445 987 plerique

489 1005 595 1069 affecti
620 1004 718 1069 taedio
744 1002 908 1077 audiendi,
935 1001 1082 1067 simulato
1111 1001 1223 1066 funere
1252 1001 1329 1066 elati
1359 1015 1444 1067 sunt.

490 1106 613 1171 Milites
640 1128 782 1192 quoque,
809 1103 868 1167 nisi
898 1104 961 1166 alio
990 1104 1085 1167 verba
1114 1102 1354 1189 pronunciante,
1382 1126 1444 1168 non

489 1206 691 1293 appellabat;
719 1229 776 1269 nec
791 1204 907 1290 agebat
928 1203 1100 1289 quicquam
1118 1204 1210 1280 serio,
1224 1206 1350 1289 jocove,
1365 1204 1444 1290 quin

489 1308 668 1394 phonascus
696 1308 849 1387 adstaret,
875 1306 932 1391 qui
963 1329 1035 1370 eum
1067 1309 1133 1371 suis
1161 1307 1286 1371 arteriis
1316 1328 1445 1392 parcere

489 1410 681 1477 hortaretur.
730 1411 1024 1473 Instrumentorum
1056 1428 1185 1494 quoque
1214 1408 1446 1473 curiosissimus

489 1525 569 1588 erat,
582 1526 617 1576 ut
633 1534 742 1575 eorum
755 1510 901 1597 peritiam
915 1508 986 1573 aliis
996 1510 1165 1589 invideret,
1175 1510 1254 1575 adeo
1267 1522 1302 1573 ut
1315 1510 1446 1595 publico

491 1614 671 1678 testimonio
686 1636 718 1677 se
734 1611 956 1698 cytharoedum
973 1612 1148 1698 principem
1165 1610 1320 1696 gauderet
1336 1610 1445 1697 appel·

490 1714 559 1779 lari.
590 1715 687 1779 Unde
702 1713 801 1780 illud:

736 1832 897 1899 Cytharoedo
908 1832 1020 1903 principe
1031 1836 1108 1884 nattis

596 1917 710 1975 Nobilis.
740 1916 809 1969 Haec
820 1916 889 1969 ultra
900 1916 975 1969 nobis
987 1918 1049 1986 quid
1061 1918 1111 1970 erit
1122 1918 1172 1970 nisi
1183 1915 1278 1969 ludus?

493 2022 532 2084 In
559 2033 649 2084 tanta
672 2042 805 2105 quoque
832 2019 913 2082 mole
939 2020 1063 2105 imperii
1087 2042 1210 2084 ornnem
1237 2040 1371 2106 perosus
1398 2029 1445 2082 est

490 2121 693 2206 gravitatem.
717 2121 953 2206 Philosophiam
965 2144 1158 2209 persequens
1170 2122 1260 2209 quasi
1272 2120 1446 2205 majestatis

490 2222 614 2308 imperii
629 2223 799 2299 inimicam,
815 2235 847 2288 et
864 2223 1018 2288 nobiliora
1032 2225 1161 2311 ingenia
1176 2226 1309 2303 verituS,
1324 2245 1356 2286 se
1371 2243 1444 2285 con·

491 2325 568 2389 siliis
592 2326 735 2391 subdidit
760 2326 962 2402 histrionum,
983 2350 1121 2413 quorum
1142 2327 1209 2413 ipse
1230 2348 1292 2390 non
1314 2324 1444 2388 erubuit

491 2426 724 2515 turpitudinem
740 2452 896 2493 exercere.
928 2429 1014 2494 Hinc
1029 2429 1108 2494 illud

595 2545 673 2608 Quod
685 2564 737 2599 non
748 2547 812 2599 dant
823 2564 950 2618 proceres,
962 2547 1036 2599 dabit
1046 2547 1147 2600 histrio.

491 2648 598 2724 Quum
616 2670 691 2712 vero
713 2662 793 2713 esset
818 2648 960 2713 omnium
976 2648 1189 2726 avarissimus
1205 2646 1285 2711 adeo
1307 2661 1343 2713 ut
1364 2647 1444 2711 nulli

490 2748 707 2834 quodcunque
728 2750 867 2817 officium
891 2749 1062 2836 delegaret,
1084 2751 1163 2837 quin
1186 2763 1445 2837 prosequeretur,

490 2850 584 2914 Nosti
607 2850 686 2939 quid
705 2852 782 2915 mihi
804 2876 886 2939 opus
902 2855 962 2927 sit3
991 2866 1047 2917 aut
1070 2852 1151 2918 illud
1174 2852 1357 2939 subjiceret,
1380 2851 1445 2926 Qui

489 2951 637 3017 omnibus
652 2968 779 3040 praeest,
791 2955 938 3019 omnibus
953 2953 1093 3036 indiget:
1117 2964 1222 3017 tamen
1237 2953 1446 3018 histrionibus

423 3119 426 3124 ,
490 3064 520 3117 et
537 3053 641 3119 mimis
663 3056 814 3141 pecunias
835 3056 974 3119 infinitas
995 3078 1125 3140 erogare
1148 3076 1211 3117 non
1231 3054 1446 3137 gravabatur3

490 3155 641 3240 singulos,
657 3173 752 3244 prout
768 3158 907 3246 quisque
927 3158 1102 3245 placuerat,
1119 3156 1320 3243 amplissimae
1342 3157 1445 3241 digni·

490 3258 564 3321 tatis
574 3258 700 3321 nomine
716 3259 922 3339 subornabat,
934 3258 1012 3322 alios
1023 3259 1184 3345 patricios,
1195 3258 1274 3322 alios
1286 3270 1445 3322 senatores

489 3356 606 3421 dicens.
660 3360 732 3423 Hos
760 3359 932 3423 illustrium
970 3359 1231 3444 spectabiliumve
1260 3359 1446 3424 nominibus

489 3456 682 3522 illustrabat.

520 3687 600 3772 Cap.
618 3693 648 3752 8.
671 3690 724 3753 De
737 3689 976 3764 Histrionr'bua,
992 3697 1023 3754 et
1038 3691 1164 3768 turma,
1180 3699 1211 3755 et
1231 3693 1420 3774 Proeata'qa‘a-

901 3793 1029 3856 toribus.

532 3944 615 4006 Eum
641 3966 716 4005 aero
737 3941 843 4007 adhuc
866 3944 964 4030 aliqui
989 3967 1047 4031 pro
1069 3956 1159 4029 parte
1181 3944 1362 4020 imitantur,
1385 3941 1443 4006 etsi

488 4043 635 4109 foeditate
654 4043 739 4109 illius
761 4066 854 4109 uerno
869 4046 1020 4131 dignetur
1042 4047 1174 4124 involvi,
1190 4069 1292 4132 quum
1307 4045 1443 4131 gratiam

489 4170 576 4213 suam
599 4147 808 4212 histrionibus
829 4157 862 4211 et
886 4152 989 4214 mimis
1012 4150 1105 4215 multi
1128 4150 1336 4235 prostituant,
1360 4147 1443 4211 etin

488 4250 667 4316 exhibenda
679 4249 798 4314 malitia
814 4274 923 4315 eorum
939 4275 1022 4316 caeca
1034 4254 1173 4338 quadam
1189 4265 1220 4317 et
1233 4247 1443 4315 contemtibili
