3309 5309
346 645 386 702 84
591 657 727 701 Joauurs
744 657 1024 701 sauasnnnmusrs
1144 640 1248 714 [nm
1267 656 1301 700 rr.

347 809 487 873 futurus.
531 807 704 872 Excidium
727 809 849 894 quippe
870 807 1054 873 Numantiae
1071 808 1194 894 juniori
1214 807 1301 871 inno-

348 908 411 974 tuit
437 907 601 986 Africano,
625 910 700 972 dum
729 921 811 973 esset
838 906 945 971 adhuc
968 930 1049 994 pene
1071 907 1170 971 miles.
1216 911 1302 972 Dum

348 1022 521 1075 autumnus
533 1009 665 1073 adultus
679 1022 727 1073 est
742 1020 798 1074 aut
814 1023 1009 1095 praeruptus,
1019 1009 1139 1074 somnia
1155 1009 1302 1096 frequen-

348 1114 414 1178 tius
429 1125 630 1177 evanescunt.
676 1112 840 1176 Arborum
857 1133 996 1197 namque
1011 1111 1192 1177 labentibus
1207 1112 1303 1191 foliis,

349 1212 577 1277 insomniorum
604 1214 727 1278 vanitas
744 1212 949 1276 dominatur:
979 1212 1065 1298 quod
1084 1227 1117 1278 et
1138 1214 1301 1300 Virgilius,

351 1314 381 1376 in
406 1313 487 1378 libro
510 1314 540 1378 in
570 1338 634 1400 quo
659 1314 759 1380 totius
782 1312 997 1400 Philosophiae
1020 1313 1154 1379 rimatur
1177 1337 1301 1392 arcana,

351 1416 481 1479 sensisse
504 1417 590 1480 visus
613 1429 671 1495 est,
694 1417 772 1480 dum
795 1414 935 1479 labentia
961 1414 1038 1479 folia
1062 1413 1148 1501 apud
1171 1414 1300 1488 inferos,

351 1518 444 1583 variis
460 1518 587 1582 somniis
607 1522 742 1583 ornavit.
789 1518 950 1580 Locorum
973 1539 1103 1603 quoque
1122 1516 1301 1593 diversitas,

351 1623 452 1684 varias
468 1621 587 1706 figuras
608 1620 725 1706 quietis
742 1617 896 1698 admittit,
912 1630 949 1681 ut
969 1617 1030 1681 alia
1049 1617 1130 1695 aliis,
1146 1640 1232 1683 nunc
1248 1618 1301 1682 ho·

349 1745 420 1786 rum
437 1746 521 1787 nunc
543 1722 669 1786 illorum
692 1724 898 1797 somniorum,
916 1720 1062 1785 uberiora
1076 1723 1149 1786 sint.
1196 1722 1302 1786 Locus

350 1847 487 1912 namque
509 1825 661 1912 palustris
684 1838 740 1888 aut
763 1824 919 1896 desertus,
936 1823 1134 1887 eminentiori
1154 1833 1211 1888 aut
1225 1823 1301 1888 cele·

348 1927 446 1991 briori
487 1927 756 2013 phantasticarum
799 1925 974 2010 imaginum
1015 1924 1200 1992 foecundior
1244 1938 1298 1991 est.

351 2032 416 2092 Res
431 2051 559 2113 quoque
570 2029 732 2093 interdum
743 2027 953 2107 manifestius,
965 2027 1127 2093 interdum
1141 2022 1302 2094 obac'urim

351 2131 504 2215 aperitur,
526 2144 557 2194 et
581 2153 665 2193 nunc
689 2153 721 2193 se
742 2131 845 2215 ipsam
868 2129 973 2193 animo
996 2128 1124 2214 ingerit,
1148 2153 1233 2195 nunc
1257 2131 1301 2195 in·

352 2232 483 2296 rimante
505 2232 568 2296 alio
590 2231 786 2296 declaratur:
819 2234 928 2305 Quum
946 2254 1020 2295 vero
1035 2230 1105 2296 luce
1119 2232 1302 2298 immediata

352 2333 487 2419 seipsam
511 2334 664 2413 infundit,
680 2333 758 2398 visio
773 2345 832 2413 est,
847 2357 887 2397 ex
909 2357 947 2396 eo
969 2333 1055 2419 quod
1071 2333 1166 2421 plena
1180 2348 1214 2400 et
1228 2357 1300 2399 vera

353 2435 455 2521 specie
480 2436 540 2515 sui,
556 2437 657 2501 oculis
673 2436 819 2500 videatur
842 2459 909 2500 esse
931 2437 1093 2522 subjecta;
1126 2441 1220 2524 quale
1239 2450 1295 2514 eat,

353 2538 441 2622 quod
465 2538 679 2604 Cassandrum
702 2539 830 2602 omnino
851 2561 914 2602 non
938 2540 1056 2616 visum,
1079 2561 1098 2602 a
1121 2563 1186 2626 quo
1210 2541 1301 2606 Alex·

350 2640 449 2705 ander
474 2641 588 2706 hausto
610 2663 731 2705 veneno
751 2640 953 2727 perimendus
974 2654 1052 2717 erat,
1068 2642 1210 2727 agnovit,
1226 2643 1300 2729 quia

349 2766 419 2809 eum
442 2744 532 2830 quies
552 2745 581 2809 ei
605 2756 898 2830 repraesentaverat.
945 2745 1045 2807 Porro
1066 2745 1223 2810 visionum
1241 2744 1301 2810 alia

352 2845 545 2910 manifestior
567 2860 625 2922 est,
647 2859 684 2912 ut
706 2869 780 2932 quae
803 2846 887 2910 clara
909 2846 954 2910 rei
981 2847 1117 2913 occurrit
1143 2848 1298 2932 imagine3

349 2946 412 3011 alia
426 2949 662 3033 profundiorem
679 2948 837 3012 desiderat
849 2947 1056 3026 intellectum,
1071 2961 1106 3013 nt
1121 2972 1222 3035 quum
1236 2972 1299 3014 rem

351 3048 494 3115 admixta
509 3050 627 3136 species
642 3052 818 3135 figurarum
835 3048 1018 3123 obnubilat3
1041 3049 1123 3114 sicut
1139 3063 1198 3129 est,
1215 3050 1300 3138 quod

351 3152 388 3215 0.
405 3152 530 3216 Caesare
546 3150 678 3215 transito
693 3149 860 3215 Rubicone
875 3149 994 3214 bellum
1010 3148 1122 3235 patrioe
1136 3148 1300 3232 inferente,

351 3253 392 3318 ad
408 3253 638 3338 designandum
656 3267 807 3318 terrorem
828 3252 958 3333 civium,
973 3251 1029 3338 qui
1052 3266 1142 3318 erant
1158 3276 1299 3340 percon·

351 3355 429 3419 civis
443 3355 591 3440 injuriam
607 3353 819 3441 opprimendi,

491 3462 588 3530 Ingens
600 3464 656 3515 visa
668 3461 735 3526 duci,
748 3462 839 3533 patrioe
851 3461 1006 3532 trepidantis
1016 3462 1115 3529 imago,

351 3557 427 3621 duci
442 3581 501 3622 suo
521 3556 724 3630 denuncians,
742 3577 780 3618 ne
801 3555 943 3620 concives
963 3555 1060 3619 armis
1080 3556 1230 3623 civilibus
1243 3557 1301 3623 im·

351 3671 518 3742 pugnaret.
578 3657 703 3723 Publici
727 3680 864 3743 namque
891 3660 996 3742 imago
1021 3657 1158 3744 imperii,
1183 3659 1303 3745 publici

351 3774 467 3838 metus,
490 3773 520 3824 et
545 3761 689 3826 Caesareo
710 3759 838 3823 nomine
861 3772 1032 3844 prostratas
1055 3759 1144 3824 urbis
1165 3774 1236 3826 erat
1256 3761 1303 3827 in-

350 3861 443 3926 dicio.
490 3861 581 3938 Quod
605 3861 631 3924 si
653 3860 776 3947 imperii
799 3859 920 3925 nullam
942 3861 975 3924 in
1001 3861 1146 3939 veritate,
1161 3885 1237 3948 quae
1258 3862 1301 3929 sic

349 3974 529 4049 appareret,
545 3961 680 4026 credidit
695 3961 767 4047 quis
782 3962 880 4026 fuisse
900 3962 1082 4048 imaginem,
1095 3961 1302 4030 historiarum

350 4065 414 4129 fide
442 4063 675 4128 certiorabitur.
731 4065 839 4140 Quum
868 4065 951 4128 enim
982 4065 1182 4151 majestatem
1212 4067 1303 4133 urbia

349 4167 506 4254 principes
545 4164 659 4229 visibili
697 4167 800 4250 specie
839 4180 1029 4232 censuerunt
1071 4167 1300 4248 honorandam,

349 4269 508 4356 exquisito
534 4267 669 4333 artifieio
699 4268 887 4334 muliebrem
916 4271 1063 4350 formam,
1088 4293 1165 4356 quae
1190 4272 1299 4339 orbem
