3309 5309
345 672 365 726 6
606 683 740 726 Jossurs
757 683 1035 727 ssunsuumnnsrs

350 833 532 916 Indignum,
550 832 638 896 litem
654 831 679 895 si
695 843 821 918 tempus
837 832 903 915 agit
918 832 1014 896 breve
1030 833 1169 919 longam,

393 935 500 1020 Digna
515 933 645 1022 quidem
660 957 723 998 non
740 950 814 998 sunt
828 948 973 1020 tempora
989 935 1084 1020 longa
1098 937 1198 1003 brevi.

351 1039 462 1114 Quum
478 1039 519 1102 de
536 1060 569 1102 re
585 1048 717 1117 constat,
732 1060 794 1102 non
811 1038 852 1102 sit
867 1039 907 1102 de
924 1039 1052 1103 nomine
1068 1061 1193 1125 pugna3

394 1142 445 1205 Ne
460 1140 565 1205 foveat
581 1141 669 1205 litem
686 1141 760 1206 lana
774 1142 904 1227 caprina
918 1141 984 1206 diu.

351 1242 514 1329 Quicquid
530 1242 575 1307 vis
589 1242 686 1319 dicas,
701 1242 777 1306 dum
794 1243 835 1306 sit
848 1258 943 1327 caput
958 1243 1013 1309 illa
1030 1244 1203 1322 Britannis,

393 1344 500 1419 Quam
517 1343 576 1407 tibi
591 1342 762 1428 praesignat
777 1342 909 1427 angelus
924 1366 996 1409 arce
1011 1344 1141 1411 micans.

351 1445 494 1529 Angelus
515 1444 574 1509 iste
597 1444 667 1531 quis
689 1456 746 1521 est,
763 1458 818 1509 aut
834 1467 906 1531 quae
921 1445 1035 1511 domus
1050 1446 1120 1526 ista,
1134 1448 1306 1534 requiresi

395 1545 543 1632 Namque
559 1567 655 1609 novos
671 1566 776 1608 rerum
791 1544 893 1609 forma
908 1568 1034 1610 movere
1049 1546 1138 1612 solet.

353 1648 434 1713 lloec
449 1660 496 1712 est
511 1646 565 1712 illa
580 1647 704 1725 domus,
722 1668 796 1734 quas
813 1646 976 1712 Christum
992 1649 1095 1734 prima
1109 1651 1253 1736 recepit:

396 1755 423 1816 A
439 1774 502 1838 qua
516 1750 654 1836 suscepit
669 1749 772 1815 insula
787 1762 854 1815 tots
868 1748 977 1814 fidem.

352 1854 460 1919 Insula
475 1867 541 1918 tota
557 1854 653 1917 fidem
669 1853 765 1936 cepit,
782 1852 922 1939 fideique
939 1867 1102 1939 parentem

394 1957 562 2031 Praedicat,
578 1954 711 2031 extollit,
727 1954 827 2036 audit,
844 1956 987 2033 honorat,
1003 1971 1098 2024 amat.

351 2058 483 2123 Consilii
498 2057 605 2141 magni
621 2057 647 2121 si
662 2057 743 2122 nosti
759 2058 838 2122 forte
853 2059 1008 2136 datorem,

396 2161 468 2225 Non
484 2162 545 2225 erit
560 2162 685 2246 ignotus
700 2161 832 2245 angelus
847 2162 906 2226 iste
921 2161 989 2227 tibi.

353 2263 497 2346 Angelus
511 2286 530 2327 e
546 2261 675 2348 specula
689 2275 790 2327 totum
807 2263 1021 2348 circumspicit
1037 2265 1157 2344 orbern,

395 2365 438 2428 Et
452 2388 565 2451 corpus
580 2367 692 2451 pennis
707 2365 864 2443 subvehit,
880 2379 976 2452 atque
992 2366 1080 2450 tegit.

351 2469 404 2534 Sic
419 2468 537 2533 videte
552 2468 691 2554 specula,
707 2468 751 2533 sic
767 2468 905 2555 protegit
919 2468 1026 2533 omnis
1041 2470 1163 2554 pennis,

393 2572 441 2635 Ut
449 2573 503 2657 jus
518 2594 581 2636 non
596 2571 713 2637 habeat
727 2570 824 2636 hostis
839 2571 871 2635 in
887 2570 964 2635 orbe
979 2594 1046 2638 auo.

349 2673 412 2738 Hic
427 2685 631 2759 tempestates
646 2673 855 2760 praenunciat,
869 2685 966 2760 atque
982 2697 1129 2739 serenum
1142 2701 1151 2752 ;

391 2776 568 2841 Ventorum
585 2776 706 2840 rabiem
722 2790 891 2862 temperat,
908 2788 1004 2864 atque
1020 2779 1125 2844 maris.

349 2877 399 2941 Ne
415 2878 491 2963 quid
506 2878 616 2943 obesse
631 2891 737 2965 queat,
754 2901 817 2943 non
833 2879 948 2944 dormit
964 2894 1068 2956 nocte,
1084 2882 1200 2970 dieque

392 2983 479 3056 stau
503 2981 578 3069 quia
592 2982 750 3067 subjectos
764 2983 906 3070 undique
921 2997 1003 3049 stare
1019 2986 1104 3051 lacit.

347 3085 514 3151 Accedens
529 3084 667 3172 propius,
685 3085 803 3151 Christi
818 3086 1002 3172 properabis
1016 3087 1057 3152 ad
1072 3089 1189 3170 aulam,

390 3189 437 3253 Ut
451 3190 576 3255 veniam
592 3189 694 3277 culpis
708 3212 907 3276 promereare
924 3189 994 3255 tuis.

348 3290 419 3354 lllic
433 3292 514 3355 finiti
530 3293 692 3357 solventur
706 3306 779 3359 vota
793 3293 928 3360 laboris:

392 3391 457 3455 Hic
472 3392 657 3477 lachrymas,
672 3395 819 3477 gemitus,
836 3395 888 3459 hic
904 3395 956 3479 pia
971 3406 1043 3459 tura
1056 3395 1156 3461 dabis.

348 3490 494 3576 Excipiet
509 3491 642 3556 fratrum
657 3491 806 3557 reducam
823 3505 855 3558 te
870 3506 938 3559 tota
951 3496 1086 3560 chorea:

391 3593 436 3658 Et
449 3593 559 3659 laudes
572 3615 630 3679 pro
644 3604 676 3658 te
692 3593 807 3678 sospite
822 3592 898 3658 laeta
912 3608 1015 3661 canet.

348 3695 510 3783 Quicquid
525 3696 622 3762 habes
637 3695 722 3784 quod
737 3696 783 3761 eis
798 3696 934 3783 placeat,
951 3695 1066 3781 largire
1081 3697 1236 3767 libenter:

391 3798 569 3877 Quidlibet,
586 3811 621 3864 ut
636 3799 729 3864 luerit
745 3800 835 3881 utile,
851 3799 966 3886 cuique
980 3799 1081 3864 dabis.

348 3901 382 3968 Si
398 3911 496 3987 potes,
513 3901 620 3967 Odoni
635 3902 762 3967 studeas
776 3903 895 3967 donare
911 3901 1065 3970 salutern:

393 4003 602 4090 Accipiatque
618 4003 709 4072 Brito
725 4018 756 4069 te
772 4004 921 4070 veniente
936 4026 1075 4070 crucem.

349 4105 414 4170 Hic
428 4128 555 4170 narrare
570 4106 617 4171 tui
632 4106 761 4172 tandem
777 4106 961 4172 discrimina
975 4107 1031 4172 lati

391 4209 586 4296 Exactaeque
601 4209 662 4275 viae
677 4232 826 4296 prospera
840 4223 956 4275 cuncta
969 4210 1053 4276 licet.

350 4311 437 4387 Quid
452 4311 493 4377 sit
507 4312 572 4379 ovis
587 4313 646 4378 sub
661 4313 757 4400 vulpe
771 4315 885 4398 latens,
901 4313 1049 4400 vulpesve
1064 4316 1123 4380 sub
1138 4337 1232 4400 agno,
