<?xml version="1.0" encoding="UTF-8"?>
<!DOCTYPE html PUBLIC "-//W3C//DTD XHTML 1.0 Transitional//EN"
    "http://www.w3.org/TR/xhtml1/DTD/xhtml1-transitional.dtd">
<html xmlns="http://www.w3.org/1999/xhtml" xml:lang="en" lang="en">
 <head>
  <title>
</title>
<meta http-equiv="Content-Type" content="text/html;charset=utf-8" />
  <meta name='ocr-system' content='tesseract 3.04.00' />
  <meta name='ocr-capabilities' content='ocr_page ocr_carea ocr_par ocr_line ocrx_word'/>
</head>
<body>
  <div class='ocr_page' id='page_1' title='image "./joannissaresber04johngoog_0175.png"; bbox 0 0 3309 5309; ppageno 0'>
   <div class='ocr_carea' id='block_1_1' title="bbox 348 641 1299 720">
    <p class='ocr_par' dir='ltr' id='par_1_1' title="bbox 348 641 1299 720">
     <span class='ocr_line' id='line_1_1' title="bbox 348 641 1299 720; baseline 0.005 -18"><span class='ocrx_word' id='word_1_1' title='bbox 348 657 420 702; x_wconf 77' lang='lat' dir='ltr'>cnr.</span> <span class='ocrx_word' id='word_1_2' title='bbox 435 641 545 720; x_wconf 79' lang='lat' dir='ltr'>xxun]</span> <span class='ocrx_word' id='word_1_3' title='bbox 697 657 953 704; x_wconf 74' lang='lat' dir='ltr'>ronucnnmcus.</span> <span class='ocrx_word' id='word_1_4' title='bbox 1097 708 1103 718; x_wconf 60' lang='grc'><strong>,</strong></span> <span class='ocrx_word' id='word_1_5' title='bbox 1238 647 1299 707; x_wconf 80' lang='grc'>159</span> 
     </span>
    </p>
   </div>
   <div class='ocr_carea' id='block_1_2' title="bbox 321 807 1305 4331">
    <p class='ocr_par' dir='ltr' id='par_1_2' title="bbox 321 807 1305 4331">
     <span class='ocr_line' id='line_1_2' title="bbox 341 807 1298 895; baseline 0.006 -25"><span class='ocrx_word' id='word_1_6' title='bbox 341 807 459 893; x_wconf 89' lang='lat' dir='ltr'>jubent</span> <span class='ocrx_word' id='word_1_7' title='bbox 486 808 569 872; x_wconf 88' lang='lat' dir='ltr'>istuc</span> <span class='ocrx_word' id='word_1_8' title='bbox 594 808 763 874; x_wconf 79' lang='lat' dir='ltr'>divertere.</span> <span class='ocrx_word' id='word_1_9' title='bbox 814 807 1030 892; x_wconf 86' lang='lat' dir='ltr'>AEgritudinis</span> <span class='ocrx_word' id='word_1_10' title='bbox 1058 808 1236 895; x_wconf 78' lang='lat' dir='ltr'>praevident</span> <span class='ocrx_word' id='word_1_11' title='bbox 1266 824 1298 876; x_wconf 96' lang='lat' dir='ltr'>et</span> 
     </span>
     <span class='ocr_line' id='line_1_3' title="bbox 346 910 1300 994; baseline 0.004 -21"><span class='ocrx_word' id='word_1_12' title='bbox 346 911 460 974; x_wconf 93' lang='lat' dir='ltr'>docent</span> <span class='ocrx_word' id='word_1_13' title='bbox 482 932 605 990; x_wconf 81' lang='lat' dir='ltr'><strong>causas,</strong></span> <span class='ocrx_word' id='word_1_14' title='bbox 628 911 772 975; x_wconf 89' lang='lat' dir='ltr'>indicunt</span> <span class='ocrx_word' id='word_1_15' title='bbox 794 910 823 974; x_wconf 94' lang='lat' dir='ltr'>ei</span> <span class='ocrx_word' id='word_1_16' title='bbox 844 910 983 986; x_wconf 90' lang='lat' dir='ltr'>initium,</span> <span class='ocrx_word' id='word_1_17' title='bbox 999 922 1219 994; x_wconf 83' lang='lat' dir='ltr'>augmentum,</span> <span class='ocrx_word' id='word_1_18' title='bbox 1237 929 1300 977; x_wconf 88' lang='lat' dir='ltr'>sta·</span> 
     </span>
     <span class='ocr_line' id='line_1_4' title="bbox 347 1009 1299 1089; baseline 0.001 -16"><span class='ocrx_word' id='word_1_19' title='bbox 347 1021 428 1086; x_wconf 94' lang='lat' dir='ltr'>tum,</span> <span class='ocrx_word' id='word_1_20' title='bbox 439 1022 471 1074; x_wconf 98' lang='lat' dir='ltr'>et</span> <span class='ocrx_word' id='word_1_21' title='bbox 483 1009 734 1076; x_wconf 81' lang='lat' dir='ltr'>declinationem.</span> <span class='ocrx_word' id='word_1_22' title='bbox 759 1011 845 1088; x_wconf 84' lang='lat' dir='ltr'>Quid</span> <span class='ocrx_word' id='word_1_23' title='bbox 859 1011 980 1075; x_wconf 89' lang='lat' dir='ltr'>multa?</span> <span class='ocrx_word' id='word_1_24' title='bbox 1004 1013 1112 1089; x_wconf 84' lang='lat' dir='ltr'>Quum</span> <span class='ocrx_word' id='word_1_25' title='bbox 1128 1034 1181 1074; x_wconf 91' lang='lat' dir='ltr'>eos</span> <span class='ocrx_word' id='word_1_26' title='bbox 1192 1010 1299 1087; x_wconf 89' lang='lat' dir='ltr'>audio,</span> 
     </span>
     <span class='ocr_line' id='line_1_5' title="bbox 347 1111 1300 1203; baseline 0.004 -31"><span class='ocrx_word' id='word_1_27' title='bbox 347 1111 499 1176; x_wconf 85' lang='lat' dir='ltr'>videntur</span> <span class='ocrx_word' id='word_1_28' title='bbox 514 1111 591 1175; x_wconf 83' lang='lat' dir='ltr'>milri</span> <span class='ocrx_word' id='word_1_29' title='bbox 605 1135 695 1198; x_wconf 91' lang='lat' dir='ltr'>posse</span> <span class='ocrx_word' id='word_1_30' title='bbox 707 1124 850 1176; x_wconf 91' lang='lat' dir='ltr'>mortuos</span> <span class='ocrx_word' id='word_1_31' title='bbox 866 1112 1028 1203; x_wconf 86' lang='lat' dir='ltr'>suscitare,</span> <span class='ocrx_word' id='word_1_32' title='bbox 1042 1136 1100 1177; x_wconf 91' lang='lat' dir='ltr'>nec</span> <span class='ocrx_word' id='word_1_33' title='bbox 1115 1113 1300 1199; x_wconf 88' lang='lat' dir='ltr'>AEsculapio</span> 
     </span>
     <span class='ocr_line' id='line_1_6' title="bbox 348 1213 1300 1279; baseline 0.002 -4"><span class='ocrx_word' id='word_1_34' title='bbox 348 1214 552 1278; x_wconf 90' lang='lat' dir='ltr'>Mercuriove</span> <span class='ocrx_word' id='word_1_35' title='bbox 571 1213 746 1278; x_wconf 88' lang='lat' dir='ltr'>creduntur</span> <span class='ocrx_word' id='word_1_36' title='bbox 766 1213 940 1278; x_wconf 83' lang='lat' dir='ltr'>inferiores.</span> <span class='ocrx_word' id='word_1_37' title='bbox 984 1218 1200 1279; x_wconf 83' lang='lat' dir='ltr'>Veruntamen</span> <span class='ocrx_word' id='word_1_38' title='bbox 1215 1215 1246 1279; x_wconf 94' lang='lat' dir='ltr'>in</span> <span class='ocrx_word' id='word_1_39' title='bbox 1262 1239 1300 1279; x_wconf 91' lang='lat' dir='ltr'>eo</span> 
     </span>
     <span class='ocr_line' id='line_1_7' title="bbox 347 1315 1300 1401; baseline 0.004 -24"><span class='ocrx_word' id='word_1_40' title='bbox 347 1336 462 1398; x_wconf 90' lang='lat' dir='ltr'>magna</span> <span class='ocrx_word' id='word_1_41' title='bbox 472 1316 587 1380; x_wconf 87' lang='lat' dir='ltr'>mentis</span> <span class='ocrx_word' id='word_1_42' title='bbox 597 1315 806 1380; x_wconf 91' lang='lat' dir='ltr'>admiratione</span> <span class='ocrx_word' id='word_1_43' title='bbox 815 1315 1015 1380; x_wconf 89' lang='lat' dir='ltr'>distrahoret</span> <span class='ocrx_word' id='word_1_44' title='bbox 1024 1316 1300 1401; x_wconf 89' lang='lat' dir='ltr'>perturbor‚quod</span> 
     </span>
     <span class='ocr_line' id='line_1_8' title="bbox 347 1416 1300 1502; baseline 0.004 -24"><span class='ocrx_word' id='word_1_45' title='bbox 347 1438 367 1478; x_wconf 94' lang='lat' dir='ltr'>a</span> <span class='ocrx_word' id='word_1_46' title='bbox 390 1416 502 1502; x_wconf 92' lang='lat' dir='ltr'>seipsis</span> <span class='ocrx_word' id='word_1_47' title='bbox 525 1429 617 1481; x_wconf 90' lang='lat' dir='ltr'>tanto</span> <span class='ocrx_word' id='word_1_48' title='bbox 639 1417 809 1481; x_wconf 90' lang='lat' dir='ltr'>verborum</span> <span class='ocrx_word' id='word_1_49' title='bbox 833 1417 994 1496; x_wconf 85' lang='lat' dir='ltr'>conflictu,</span> <span class='ocrx_word' id='word_1_50' title='bbox 1014 1429 1046 1481; x_wconf 92' lang='lat' dir='ltr'>et</span> <span class='ocrx_word' id='word_1_51' title='bbox 1069 1418 1230 1483; x_wconf 89' lang='lat' dir='ltr'>collisione</span> <span class='ocrx_word' id='word_1_52' title='bbox 1252 1441 1300 1482; x_wconf 90' lang='lat' dir='ltr'>ra-</span> 
     </span>
     <span class='ocr_line' id='line_1_9' title="bbox 348 1516 1300 1605; baseline 0.003 -26"><span class='ocrx_word' id='word_1_53' title='bbox 348 1517 472 1581; x_wconf 91' lang='lat' dir='ltr'>tionum</span> <span class='ocrx_word' id='word_1_54' title='bbox 502 1516 674 1594; x_wconf 90' lang='lat' dir='ltr'>dissiliunt,</span> <span class='ocrx_word' id='word_1_55' title='bbox 704 1529 735 1581; x_wconf 93' lang='lat' dir='ltr'>et</span> <span class='ocrx_word' id='word_1_56' title='bbox 766 1516 960 1582; x_wconf 86' lang='lat' dir='ltr'>discordant.</span> <span class='ocrx_word' id='word_1_57' title='bbox 1017 1522 1127 1584; x_wconf 92' lang='lat' dir='ltr'>Unum</span> <span class='ocrx_word' id='word_1_58' title='bbox 1157 1519 1300 1605; x_wconf 80' lang='lat' dir='ltr'>profecto</span> 
     </span>
     <span class='ocr_line' id='line_1_10' title="bbox 349 1617 1301 1705; baseline 0.003 -24"><span class='ocrx_word' id='word_1_59' title='bbox 349 1617 423 1695; x_wconf 91' lang='lat' dir='ltr'>scio,</span> <span class='ocrx_word' id='word_1_60' title='bbox 438 1617 595 1684; x_wconf 90' lang='lat' dir='ltr'>contraria</span> <span class='ocrx_word' id='word_1_61' title='bbox 618 1620 712 1684; x_wconf 91' lang='lat' dir='ltr'>simul</span> <span class='ocrx_word' id='word_1_62' title='bbox 732 1641 808 1682; x_wconf 88' lang='lat' dir='ltr'>vera</span> <span class='ocrx_word' id='word_1_63' title='bbox 828 1642 897 1682; x_wconf 87' lang='lat' dir='ltr'>esse</span> <span class='ocrx_word' id='word_1_64' title='bbox 920 1641 981 1682; x_wconf 94' lang='lat' dir='ltr'>non</span> <span class='ocrx_word' id='word_1_65' title='bbox 1004 1643 1105 1705; x_wconf 85' lang='lat' dir='ltr'>posse.</span> <span class='ocrx_word' id='word_1_66' title='bbox 1151 1619 1241 1693; x_wconf 85' lang='lat' dir='ltr'>Quid</span> <span class='ocrx_word' id='word_1_67' title='bbox 1260 1621 1301 1684; x_wconf 89' lang='lat' dir='ltr'>de</span> 
     </span>
     <span class='ocr_line' id='line_1_11' title="bbox 348 1719 1302 1808; baseline 0.004 -25"><span class='ocrx_word' id='word_1_68' title='bbox 348 1721 480 1786; x_wconf 87' lang='lat' dir='ltr'>medicis</span> <span class='ocrx_word' id='word_1_69' title='bbox 495 1721 642 1807; x_wconf 89' lang='lat' dir='ltr'>practicis</span> <span class='ocrx_word' id='word_1_70' title='bbox 661 1719 787 1784; x_wconf 86' lang='lat' dir='ltr'>dicam?</span> <span class='ocrx_word' id='word_1_71' title='bbox 825 1721 919 1785; x_wconf 92' lang='lat' dir='ltr'>Absit</span> <span class='ocrx_word' id='word_1_72' title='bbox 941 1733 976 1785; x_wconf 90' lang='lat' dir='ltr'>ut</span> <span class='ocrx_word' id='word_1_73' title='bbox 996 1721 1037 1784; x_wconf 89' lang='lat' dir='ltr'>de</span> <span class='ocrx_word' id='word_1_74' title='bbox 1055 1721 1107 1786; x_wconf 91' lang='lat' dir='ltr'>his</span> <span class='ocrx_word' id='word_1_75' title='bbox 1130 1722 1302 1808; x_wconf 93' lang='lat' dir='ltr'>quicquam</span> 
     </span>
     <span class='ocr_line' id='line_1_12' title="bbox 346 1823 1302 1909; baseline 0.002 -24"><span class='ocrx_word' id='word_1_76' title='bbox 346 1844 532 1906; x_wconf 87' lang='lat' dir='ltr'>perversum</span> <span class='ocrx_word' id='word_1_77' title='bbox 543 1823 668 1909; x_wconf 90' lang='lat' dir='ltr'>loquar.</span> <span class='ocrx_word' id='word_1_78' title='bbox 701 1823 742 1886; x_wconf 87' lang='lat' dir='ltr'>ln</span> <span class='ocrx_word' id='word_1_79' title='bbox 753 1826 958 1887; x_wconf 89' lang='lat' dir='ltr'>manusenim</span> <span class='ocrx_word' id='word_1_80' title='bbox 973 1846 1083 1887; x_wconf 88' lang='lat' dir='ltr'>eorum</span> <span class='ocrx_word' id='word_1_81' title='bbox 1098 1823 1302 1909; x_wconf 87' lang='lat' dir='ltr'>exigentibus</span> 
     </span>
     <span class='ocr_line' id='line_1_13' title="bbox 346 1922 1301 2010; baseline 0.002 -22"><span class='ocrx_word' id='word_1_82' title='bbox 346 1927 486 2010; x_wconf 90' lang='lat' dir='ltr'>peccatis</span> <span class='ocrx_word' id='word_1_83' title='bbox 515 1926 604 2002; x_wconf 85' lang='lat' dir='ltr'>meis,</span> <span class='ocrx_word' id='word_1_84' title='bbox 635 1925 728 1988; x_wconf 91' lang='lat' dir='ltr'>nimis</span> <span class='ocrx_word' id='word_1_85' title='bbox 754 1922 938 2010; x_wconf 84' lang='lat' dir='ltr'>frequenter</span> <span class='ocrx_word' id='word_1_86' title='bbox 967 1924 1082 1992; x_wconf 89' lang='lat' dir='ltr'>incido.</span> <span class='ocrx_word' id='word_1_87' title='bbox 1128 1924 1202 1990; x_wconf 91' lang='lat' dir='ltr'>Non</span> <span class='ocrx_word' id='word_1_88' title='bbox 1226 1938 1301 1990; x_wconf 92' lang='lat' dir='ltr'>sunt</span> 
     </span>
     <span class='ocr_line' id='line_1_14' title="bbox 348 2023 1300 2112; baseline 0.004 -26"><span class='ocrx_word' id='word_1_89' title='bbox 348 2023 557 2109; x_wconf 84' lang='lat' dir='ltr'>exasperandi</span> <span class='ocrx_word' id='word_1_90' title='bbox 576 2024 690 2102; x_wconf 90' lang='lat' dir='ltr'>verbis,</span> <span class='ocrx_word' id='word_1_91' title='bbox 706 2024 761 2087; x_wconf 89' lang='lat' dir='ltr'>sed</span> <span class='ocrx_word' id='word_1_92' title='bbox 783 2024 891 2110; x_wconf 91' lang='lat' dir='ltr'>potius</span> <span class='ocrx_word' id='word_1_93' title='bbox 913 2024 1114 2090; x_wconf 90' lang='lat' dir='ltr'>demulcendi</span> <span class='ocrx_word' id='word_1_94' title='bbox 1136 2027 1300 2112; x_wconf 87' lang='lat' dir='ltr'>obsequio.</span> 
     </span>
     <span class='ocr_line' id='line_1_15' title="bbox 349 2121 1301 2208; baseline 0.004 -21"><span class='ocrx_word' id='word_1_95' title='bbox 349 2123 433 2187; x_wconf 94' lang='lat' dir='ltr'>Nolo</span> <span class='ocrx_word' id='word_1_96' title='bbox 457 2147 509 2187; x_wconf 89' lang='lat' dir='ltr'>me</span> <span class='ocrx_word' id='word_1_97' title='bbox 535 2136 671 2188; x_wconf 87' lang='lat' dir='ltr'>tractent</span> <span class='ocrx_word' id='word_1_98' title='bbox 697 2121 822 2204; x_wconf 88' lang='lat' dir='ltr'>durius,</span> <span class='ocrx_word' id='word_1_99' title='bbox 847 2147 904 2188; x_wconf 90' lang='lat' dir='ltr'>nec</span> <span class='ocrx_word' id='word_1_100' title='bbox 927 2127 1023 2190; x_wconf 91' lang='lat' dir='ltr'>etiam</span> <span class='ocrx_word' id='word_1_101' title='bbox 1046 2128 1162 2191; x_wconf 86' lang='lat' dir='ltr'>sentire</span> <span class='ocrx_word' id='word_1_102' title='bbox 1187 2127 1301 2208; x_wconf 88' lang='lat' dir='ltr'>audeo,</span> 
     </span>
     <span class='ocr_line' id='line_1_16' title="bbox 349 2223 1302 2309; baseline 0.003 -22"><span class='ocrx_word' id='word_1_103' title='bbox 349 2223 436 2309; x_wconf 94' lang='lat' dir='ltr'>quod</span> <span class='ocrx_word' id='word_1_104' title='bbox 452 2246 560 2287; x_wconf 91' lang='lat' dir='ltr'>omnes</span> <span class='ocrx_word' id='word_1_105' title='bbox 574 2223 721 2288; x_wconf 89' lang='lat' dir='ltr'>clamant.</span> <span class='ocrx_word' id='word_1_106' title='bbox 767 2223 880 2288; x_wconf 88' lang='lat' dir='ltr'>Dicam</span> <span class='ocrx_word' id='word_1_107' title='bbox 896 2247 972 2309; x_wconf 89' lang='lat' dir='ltr'>ergo</span> <span class='ocrx_word' id='word_1_108' title='bbox 989 2248 1062 2289; x_wconf 88' lang='lat' dir='ltr'>curn</span> <span class='ocrx_word' id='word_1_109' title='bbox 1085 2240 1193 2291; x_wconf 91' lang='lat' dir='ltr'>sancto</span> <span class='ocrx_word' id='word_1_110' title='bbox 1214 2226 1302 2292; x_wconf 87' lang='lat' dir='ltr'>Salo-</span> 
     </span>
     <span class='ocr_line' id='line_1_17' title="bbox 348 2322 1301 2402; baseline 0.004 -16"><span class='ocrx_word' id='word_1_111' title='bbox 348 2346 458 2387; x_wconf 86' lang='lat' dir='ltr'>mone:</span> <span class='ocrx_word' id='word_1_112' title='bbox 499 2325 581 2401; x_wconf 85' lang='lat' dir='ltr'>Quia</span> <span class='ocrx_word' id='word_1_113' title='bbox 610 2322 766 2387; x_wconf 90' lang='lat' dir='ltr'>medicina</span> <span class='ocrx_word' id='word_1_114' title='bbox 790 2347 809 2387; x_wconf 93' lang='lat' dir='ltr'>a</span> <span class='ocrx_word' id='word_1_115' title='bbox 838 2324 967 2388; x_wconf 93' lang='lat' dir='ltr'>domino</span> <span class='ocrx_word' id='word_1_116' title='bbox 993 2325 1064 2390; x_wconf 92' lang='lat' dir='ltr'>Deo</span> <span class='ocrx_word' id='word_1_117' title='bbox 1090 2340 1159 2402; x_wconf 77' lang='lat' dir='ltr'>est3</span> <span class='ocrx_word' id='word_1_118' title='bbox 1194 2339 1226 2391; x_wconf 93' lang='lat' dir='ltr'>et</span> <span class='ocrx_word' id='word_1_119' title='bbox 1252 2328 1301 2390; x_wconf 87' lang='lat' dir='ltr'>vir</span> 
     </span>
     <span class='ocr_line' id='line_1_18' title="bbox 350 2426 1302 2514; baseline 0.004 -26"><span class='ocrx_word' id='word_1_120' title='bbox 350 2428 474 2510; x_wconf 87' lang='lat' dir='ltr'>sapiens</span> <span class='ocrx_word' id='word_1_121' title='bbox 491 2448 553 2489; x_wconf 92' lang='lat' dir='ltr'>non</span> <span class='ocrx_word' id='word_1_122' title='bbox 573 2438 752 2492; x_wconf 90' lang='lat' dir='ltr'>contemnet</span> <span class='ocrx_word' id='word_1_123' title='bbox 772 2448 852 2489; x_wconf 91' lang='lat' dir='ltr'>eam.</span> <span class='ocrx_word' id='word_1_124' title='bbox 898 2427 1001 2489; x_wconf 92' lang='lat' dir='ltr'>Nemo</span> <span class='ocrx_word' id='word_1_125' title='bbox 1021 2426 1178 2513; x_wconf 88' lang='lat' dir='ltr'>siquidem</span> <span class='ocrx_word' id='word_1_126' title='bbox 1200 2428 1302 2514; x_wconf 89' lang='lat' dir='ltr'>magia</span> 
     </span>
     <span class='ocr_line' id='line_1_19' title="bbox 351 2527 1302 2609; baseline 0.004 -20"><span class='ocrx_word' id='word_1_127' title='bbox 351 2529 542 2592; x_wconf 89' lang='lat' dir='ltr'>necessarius</span> <span class='ocrx_word' id='word_1_128' title='bbox 557 2541 604 2593; x_wconf 90' lang='lat' dir='ltr'>est</span> <span class='ocrx_word' id='word_1_129' title='bbox 620 2542 676 2593; x_wconf 93' lang='lat' dir='ltr'>aut</span> <span class='ocrx_word' id='word_1_130' title='bbox 693 2528 802 2591; x_wconf 89' lang='lat' dir='ltr'>utilior</span> <span class='ocrx_word' id='word_1_131' title='bbox 813 2527 946 2609; x_wconf 88' lang='lat' dir='ltr'>medico,</span> <span class='ocrx_word' id='word_1_132' title='bbox 957 2529 1131 2592; x_wconf 90' lang='lat' dir='ltr'>dummodo</span> <span class='ocrx_word' id='word_1_133' title='bbox 1143 2529 1183 2591; x_wconf 90' lang='lat' dir='ltr'>sit</span> <span class='ocrx_word' id='word_1_134' title='bbox 1199 2528 1302 2593; x_wconf 89' lang='lat' dir='ltr'>fidelis</span> 
     </span>
     <span class='ocr_line' id='line_1_20' title="bbox 350 2620 1303 2713; baseline 0.002 -24"><span class='ocrx_word' id='word_1_135' title='bbox 350 2640 382 2689; x_wconf 92' lang='lat' dir='ltr'>et</span> <span class='ocrx_word' id='word_1_136' title='bbox 408 2627 558 2712; x_wconf 91' lang='lat' dir='ltr'>prudens.</span> <span class='ocrx_word' id='word_1_137' title='bbox 605 2628 683 2706; x_wconf 84' lang='lat' dir='ltr'>Quis</span> <span class='ocrx_word' id='word_1_138' title='bbox 712 2628 794 2691; x_wconf 91' lang='lat' dir='ltr'>enim</span> <span class='ocrx_word' id='word_1_139' title='bbox 825 2620 984 2713; x_wconf 85' lang='lat' dir='ltr'>praeconia</span> <span class='ocrx_word' id='word_1_140' title='bbox 1012 2627 1098 2691; x_wconf 91' lang='lat' dir='ltr'>illius</span> <span class='ocrx_word' id='word_1_141' title='bbox 1127 2626 1303 2691; x_wconf 85' lang='lat' dir='ltr'>declamare</span> 
     </span>
     <span class='ocr_line' id='line_1_21' title="bbox 353 2728 1304 2816; baseline 0.002 -26"><span class='ocrx_word' id='word_1_142' title='bbox 353 2728 501 2807; x_wconf 86' lang='lat' dir='ltr'>sufficiat,</span> <span class='ocrx_word' id='word_1_143' title='bbox 517 2731 573 2816; x_wconf 89' lang='lat' dir='ltr'>qui</span> <span class='ocrx_word' id='word_1_144' title='bbox 589 2730 698 2794; x_wconf 88' lang='lat' dir='ltr'>salutis</span> <span class='ocrx_word' id='word_1_145' title='bbox 713 2728 842 2804; x_wconf 85' lang='lat' dir='ltr'>artifex,</span> <span class='ocrx_word' id='word_1_146' title='bbox 858 2741 890 2791; x_wconf 93' lang='lat' dir='ltr'>et</span> <span class='ocrx_word' id='word_1_147' title='bbox 906 2741 1088 2814; x_wconf 87' lang='lat' dir='ltr'>procreator</span> <span class='ocrx_word' id='word_1_148' title='bbox 1103 2728 1189 2803; x_wconf 86' lang='lat' dir='ltr'>vitae,</span> <span class='ocrx_word' id='word_1_149' title='bbox 1211 2728 1243 2791; x_wconf 94' lang='lat' dir='ltr'>in</span> <span class='ocrx_word' id='word_1_150' title='bbox 1265 2752 1304 2793; x_wconf 92' lang='lat' dir='ltr'>eo</span> 
     </span>
     <span class='ocr_line' id='line_1_22' title="bbox 351 2830 1304 2916; baseline -0.001 -22"><span class='ocrx_word' id='word_1_151' title='bbox 351 2831 525 2895; x_wconf 91' lang='lat' dir='ltr'>Dominum</span> <span class='ocrx_word' id='word_1_152' title='bbox 540 2831 696 2906; x_wconf 88' lang='lat' dir='ltr'>imitatur,</span> <span class='ocrx_word' id='word_1_153' title='bbox 712 2842 744 2894; x_wconf 88' lang='lat' dir='ltr'>et</span> <span class='ocrx_word' id='word_1_154' title='bbox 766 2830 849 2894; x_wconf 90' lang='lat' dir='ltr'>vices</span> <span class='ocrx_word' id='word_1_155' title='bbox 864 2831 933 2916; x_wconf 87' lang='lat' dir='ltr'>ejus</span> <span class='ocrx_word' id='word_1_156' title='bbox 953 2830 1031 2914; x_wconf 88' lang='lat' dir='ltr'>agit,</span> <span class='ocrx_word' id='word_1_157' title='bbox 1052 2830 1139 2915; x_wconf 91' lang='lat' dir='ltr'>quod</span> <span class='ocrx_word' id='word_1_158' title='bbox 1158 2833 1304 2912; x_wconf 88' lang='lat' dir='ltr'>salutem,</span> 
     </span>
     <span class='ocr_line' id='line_1_23' title="bbox 349 2930 1303 3018; baseline -0.002 -22"><span class='ocrx_word' id='word_1_159' title='bbox 349 2955 446 3017; x_wconf 92' lang='lat' dir='ltr'>quam</span> <span class='ocrx_word' id='word_1_160' title='bbox 463 2932 517 2997; x_wconf 92' lang='lat' dir='ltr'>ille</span> <span class='ocrx_word' id='word_1_161' title='bbox 532 2945 695 3018; x_wconf 88' lang='lat' dir='ltr'>operatur,</span> <span class='ocrx_word' id='word_1_162' title='bbox 712 2943 743 2995; x_wconf 90' lang='lat' dir='ltr'>et</span> <span class='ocrx_word' id='word_1_163' title='bbox 759 2931 852 3017; x_wconf 91' lang='lat' dir='ltr'>quasi</span> <span class='ocrx_word' id='word_1_164' title='bbox 864 2933 1023 2995; x_wconf 91' lang='lat' dir='ltr'>Dominus</span> <span class='ocrx_word' id='word_1_165' title='bbox 1034 2943 1068 2996; x_wconf 88' lang='lat' dir='ltr'>et</span> <span class='ocrx_word' id='word_1_166' title='bbox 1084 2931 1231 3017; x_wconf 89' lang='lat' dir='ltr'>princeps</span> <span class='ocrx_word' id='word_1_167' title='bbox 1247 2930 1303 2994; x_wconf 92' lang='lat' dir='ltr'>do·</span> 
     </span>
     <span class='ocr_line' id='line_1_24' title="bbox 348 3032 1303 3119; baseline 0 -23"><span class='ocrx_word' id='word_1_168' title='bbox 348 3045 415 3107; x_wconf 87' lang='lat' dir='ltr'>nat,</span> <span class='ocrx_word' id='word_1_169' title='bbox 432 3034 493 3098; x_wconf 88' lang='lat' dir='ltr'>iste</span> <span class='ocrx_word' id='word_1_170' title='bbox 507 3055 689 3096; x_wconf 88' lang='lat' dir='ltr'>oeconomus</span> <span class='ocrx_word' id='word_1_171' title='bbox 704 3045 736 3096; x_wconf 90' lang='lat' dir='ltr'>et</span> <span class='ocrx_word' id='word_1_172' title='bbox 752 3032 895 3097; x_wconf 91' lang='lat' dir='ltr'>minister</span> <span class='ocrx_word' id='word_1_173' title='bbox 909 3045 1060 3119; x_wconf 86' lang='lat' dir='ltr'>procurat</span> <span class='ocrx_word' id='word_1_174' title='bbox 1075 3046 1106 3096; x_wconf 86' lang='lat' dir='ltr'>et</span> <span class='ocrx_word' id='word_1_175' title='bbox 1118 3032 1303 3117; x_wconf 86' lang='lat' dir='ltr'>dispensat?</span> 
     </span>
     <span class='ocr_line' id='line_1_25' title="bbox 349 3130 1305 3221; baseline -0.002 -23"><span class='ocrx_word' id='word_1_176' title='bbox 349 3130 418 3199; x_wconf 90' lang='lat' dir='ltr'>Nec</span> <span class='ocrx_word' id='word_1_177' title='bbox 442 3133 482 3197; x_wconf 87' lang='lat' dir='ltr'>ad</span> <span class='ocrx_word' id='word_1_178' title='bbox 507 3156 572 3197; x_wconf 91' lang='lat' dir='ltr'>rem</span> <span class='ocrx_word' id='word_1_179' title='bbox 595 3134 721 3210; x_wconf 89' lang='lat' dir='ltr'>attinet,</span> <span class='ocrx_word' id='word_1_180' title='bbox 744 3134 768 3197; x_wconf 91' lang='lat' dir='ltr'>si</span> <span class='ocrx_word' id='word_1_181' title='bbox 792 3136 849 3218; x_wconf 86' lang='lat' dir='ltr'>qui</span> <span class='ocrx_word' id='word_1_182' title='bbox 869 3135 1128 3221; x_wconf 87' lang='lat' dir='ltr'>pseudogratiam</span> <span class='ocrx_word' id='word_1_183' title='bbox 1149 3133 1305 3213; x_wconf 85' lang='lat' dir='ltr'>vendunt,</span> 
     </span>
     <span class='ocr_line' id='line_1_26' title="bbox 321 3232 1305 3322; baseline -0.002 -23"><span class='ocrx_word' id='word_1_184' title='bbox 321 3247 324 3255; x_wconf 87' lang='grc'><em>“</em></span> <span class='ocrx_word' id='word_1_185' title='bbox 348 3235 460 3322; x_wconf 89' lang='lat' dir='ltr'>etqui</span> <span class='ocrx_word' id='word_1_186' title='bbox 481 3234 637 3320; x_wconf 87' lang='lat' dir='ltr'>justiores</span> <span class='ocrx_word' id='word_1_187' title='bbox 659 3233 758 3297; x_wconf 90' lang='lat' dir='ltr'>videri</span> <span class='ocrx_word' id='word_1_188' title='bbox 783 3233 906 3306; x_wconf 89' lang='lat' dir='ltr'>volunt,</span> <span class='ocrx_word' id='word_1_189' title='bbox 930 3235 1008 3297; x_wconf 92' lang='lat' dir='ltr'>dum</span> <span class='ocrx_word' id='word_1_190' title='bbox 1035 3232 1113 3296; x_wconf 91' lang='lat' dir='ltr'>nibil</span> <span class='ocrx_word' id='word_1_191' title='bbox 1139 3232 1305 3317; x_wconf 91' lang='lat' dir='ltr'>accipiant,</span> 
     </span>
     <span class='ocr_line' id='line_1_27' title="bbox 339 3334 1303 3422; baseline -0.007 -18"><span class='ocrx_word' id='word_1_192' title='bbox 339 3351 525 3422; x_wconf 86' lang='lat' dir='ltr'>antequam</span> <span class='ocrx_word' id='word_1_193' title='bbox 552 3358 637 3422; x_wconf 86' lang='lat' dir='ltr'>aeger</span> <span class='ocrx_word' id='word_1_194' title='bbox 661 3339 870 3410; x_wconf 86' lang='lat' dir='ltr'>convalescat,</span> <span class='ocrx_word' id='word_1_195' title='bbox 896 3335 928 3398; x_wconf 95' lang='lat' dir='ltr'>in</span> <span class='ocrx_word' id='word_1_196' title='bbox 954 3359 992 3398; x_wconf 92' lang='lat' dir='ltr'>eo</span> <span class='ocrx_word' id='word_1_197' title='bbox 1017 3334 1191 3421; x_wconf 88' lang='lat' dir='ltr'>iniquiores</span> <span class='ocrx_word' id='word_1_198' title='bbox 1217 3348 1303 3412; x_wconf 92' lang='lat' dir='ltr'>sunt,</span> 
     </span>
     <span class='ocr_line' id='line_1_28' title="bbox 353 3435 1305 3525; baseline -0.003 -22"><span class='ocrx_word' id='word_1_199' title='bbox 353 3438 441 3525; x_wconf 92' lang='lat' dir='ltr'>quod</span> <span class='ocrx_word' id='word_1_200' title='bbox 461 3437 650 3503; x_wconf 89' lang='lat' dir='ltr'>beneficium</span> <span class='ocrx_word' id='word_1_201' title='bbox 672 3437 834 3522; x_wconf 92' lang='lat' dir='ltr'>temporis,</span> <span class='ocrx_word' id='word_1_202' title='bbox 848 3440 912 3501; x_wconf 94' lang='lat' dir='ltr'>imo</span> <span class='ocrx_word' id='word_1_203' title='bbox 931 3459 1048 3499; x_wconf 92' lang='lat' dir='ltr'>munus</span> <span class='ocrx_word' id='word_1_204' title='bbox 1069 3438 1141 3510; x_wconf 94' lang='lat' dir='ltr'>Dei,</span> <span class='ocrx_word' id='word_1_205' title='bbox 1158 3435 1305 3500; x_wconf 92' lang='lat' dir='ltr'>manibus</span> 
     </span>
     <span class='ocr_line' id='line_1_29' title="bbox 354 3537 1303 3625; baseline -0.004 -20"><span class='ocrx_word' id='word_1_206' title='bbox 354 3541 421 3605; x_wconf 90' lang='lat' dir='ltr'>suis</span> <span class='ocrx_word' id='word_1_207' title='bbox 435 3539 632 3619; x_wconf 87' lang='lat' dir='ltr'>adscribunt,</span> <span class='ocrx_word' id='word_1_208' title='bbox 646 3561 745 3624; x_wconf 91' lang='lat' dir='ltr'>quum</span> <span class='ocrx_word' id='word_1_209' title='bbox 762 3538 814 3602; x_wconf 89' lang='lat' dir='ltr'>ille</span> <span class='ocrx_word' id='word_1_210' title='bbox 830 3560 926 3625; x_wconf 92' lang='lat' dir='ltr'>quem</span> <span class='ocrx_word' id='word_1_211' title='bbox 943 3542 1032 3603; x_wconf 90' lang='lat' dir='ltr'>Deus</span> <span class='ocrx_word' id='word_1_212' title='bbox 1051 3538 1144 3622; x_wconf 89' lang='lat' dir='ltr'>erigit</span> <span class='ocrx_word' id='word_1_213' title='bbox 1164 3553 1196 3602; x_wconf 91' lang='lat' dir='ltr'>et</span> <span class='ocrx_word' id='word_1_214' title='bbox 1213 3537 1303 3624; x_wconf 88' lang='lat' dir='ltr'>vigor</span> 
     </span>
     <span class='ocr_line' id='line_1_30' title="bbox 352 3640 1304 3727; baseline -0.004 -20"><span class='ocrx_word' id='word_1_215' title='bbox 352 3655 477 3707; x_wconf 88' lang='lat' dir='ltr'>naturae</span> <span class='ocrx_word' id='word_1_216' title='bbox 500 3642 756 3720; x_wconf 61' lang='lat' dir='ltr'>convalescentis</span> <span class='ocrx_word' id='word_1_217' title='bbox 778 3642 858 3705; x_wconf 93' lang='lat' dir='ltr'>citra</span> <span class='ocrx_word' id='word_1_218' title='bbox 877 3662 1006 3727; x_wconf 90' lang='lat' dir='ltr'>operam</span> <span class='ocrx_word' id='word_1_219' title='bbox 1030 3641 1099 3726; x_wconf 90' lang='lat' dir='ltr'>ejus</span> <span class='ocrx_word' id='word_1_220' title='bbox 1121 3640 1231 3719; x_wconf 66' lang='lat' dir='ltr'>fuerat,</span> <span class='ocrx_word' id='word_1_221' title='bbox 1245 3662 1304 3703; x_wconf 82' lang='lat' dir='ltr'>eri·</span> 
     </span>
     <span class='ocr_line' id='line_1_31' title="bbox 351 3741 1305 3830; baseline -0.004 -23"><span class='ocrx_word' id='word_1_222' title='bbox 351 3744 485 3830; x_wconf 85' lang='lat' dir='ltr'>gendus.</span> <span class='ocrx_word' id='word_1_223' title='bbox 531 3741 683 3821; x_wconf 85' lang='lat' dir='ltr'>Quamvis</span> <span class='ocrx_word' id='word_1_224' title='bbox 705 3741 792 3806; x_wconf 89' lang='lat' dir='ltr'>istud</span> <span class='ocrx_word' id='word_1_225' title='bbox 814 3744 882 3828; x_wconf 88' lang='lat' dir='ltr'>jam</span> <span class='ocrx_word' id='word_1_226' title='bbox 906 3764 1078 3828; x_wconf 91' lang='lat' dir='ltr'>paucorum</span> <span class='ocrx_word' id='word_1_227' title='bbox 1102 3744 1154 3820; x_wconf 90' lang='lat' dir='ltr'>sit,</span> <span class='ocrx_word' id='word_1_228' title='bbox 1176 3741 1236 3805; x_wconf 92' lang='lat' dir='ltr'>sibi</span> <span class='ocrx_word' id='word_1_229' title='bbox 1258 3742 1305 3804; x_wconf 91' lang='lat' dir='ltr'>in-</span> 
     </span>
     <span class='ocr_line' id='line_1_32' title="bbox 350 3840 1305 3928; baseline -0.002 -23"><span class='ocrx_word' id='word_1_230' title='bbox 350 3845 449 3908; x_wconf 90' lang='lat' dir='ltr'>vicem</span> <span class='ocrx_word' id='word_1_231' title='bbox 481 3843 688 3907; x_wconf 90' lang='lat' dir='ltr'>suadentibus</span> <span class='ocrx_word' id='word_1_232' title='bbox 717 3855 749 3905; x_wconf 90' lang='lat' dir='ltr'>et</span> <span class='ocrx_word' id='word_1_233' title='bbox 779 3841 1007 3928; x_wconf 86' lang='lat' dir='ltr'>replicantibus</span> <span class='ocrx_word' id='word_1_234' title='bbox 1035 3840 1175 3922; x_wconf 91' lang='lat' dir='ltr'>medicis,</span> <span class='ocrx_word' id='word_1_235' title='bbox 1205 3843 1305 3919; x_wconf 92' lang='lat' dir='ltr'>Dum,</span> 
     </span>
     <span class='ocr_line' id='line_1_33' title="bbox 352 3943 1305 4028; baseline -0.004 -21"><span class='ocrx_word' id='word_1_236' title='bbox 352 3943 438 4009; x_wconf 90' lang='lat' dir='ltr'>dolet</span> <span class='ocrx_word' id='word_1_237' title='bbox 455 3945 571 4028; x_wconf 88' lang='lat' dir='ltr'>accipe.</span> <span class='ocrx_word' id='word_1_238' title='bbox 619 3946 686 4006; x_wconf 90' lang='lat' dir='ltr'>Nec</span> <span class='ocrx_word' id='word_1_239' title='bbox 702 3965 830 4006; x_wconf 91' lang='lat' dir='ltr'>moveor</span> <span class='ocrx_word' id='word_1_240' title='bbox 847 3945 872 4005; x_wconf 91' lang='lat' dir='ltr'>si</span> <span class='ocrx_word' id='word_1_241' title='bbox 887 3966 984 4028; x_wconf 91' lang='lat' dir='ltr'>opera</span> <span class='ocrx_word' id='word_1_242' title='bbox 999 3965 1108 4006; x_wconf 93' lang='lat' dir='ltr'>eorum</span> <span class='ocrx_word' id='word_1_243' title='bbox 1123 3943 1157 4005; x_wconf 94' lang='lat' dir='ltr'>in</span> <span class='ocrx_word' id='word_1_244' title='bbox 1174 3965 1206 4004; x_wconf 89' lang='lat' dir='ltr'>se</span> <span class='ocrx_word' id='word_1_245' title='bbox 1221 3963 1305 4004; x_wconf 91' lang='lat' dir='ltr'>com-</span> 
     </span>
     <span class='ocr_line' id='line_1_34' title="bbox 352 4042 1304 4132; baseline -0.008 -22"><span class='ocrx_word' id='word_1_246' title='bbox 352 4059 507 4132; x_wconf 89' lang='lat' dir='ltr'>pugnent,</span> <span class='ocrx_word' id='word_1_247' title='bbox 531 4066 632 4130; x_wconf 91' lang='lat' dir='ltr'>qunm</span> <span class='ocrx_word' id='word_1_248' title='bbox 660 4042 753 4106; x_wconf 89' lang='lat' dir='ltr'>sciam</span> <span class='ocrx_word' id='word_1_249' title='bbox 770 4047 1001 4110; x_wconf 88' lang='lat' dir='ltr'>contrariorum</span> <span class='ocrx_word' id='word_1_250' title='bbox 1026 4043 1215 4129; x_wconf 91' lang='lat' dir='ltr'>plerumque</span> <span class='ocrx_word' id='word_1_251' title='bbox 1237 4063 1304 4103; x_wconf 92' lang='lat' dir='ltr'>esse</span> 
     </span>
     <span class='ocr_line' id='line_1_35' title="bbox 351 4141 1304 4231; baseline -0.009 -20"><span class='ocrx_word' id='word_1_252' title='bbox 351 4145 487 4211; x_wconf 93' lang='lat' dir='ltr'>eundem</span> <span class='ocrx_word' id='word_1_253' title='bbox 498 4146 655 4210; x_wconf 85' lang='lat' dir='ltr'>effectum.</span> <span class='ocrx_word' id='word_1_254' title='bbox 703 4144 763 4208; x_wconf 89' lang='lat' dir='ltr'>Sed</span> <span class='ocrx_word' id='word_1_255' title='bbox 777 4169 876 4231; x_wconf 89' lang='lat' dir='ltr'>quum</span> <span class='ocrx_word' id='word_1_256' title='bbox 887 4145 970 4209; x_wconf 93' lang='lat' dir='ltr'>inter</span> <span class='ocrx_word' id='word_1_257' title='bbox 983 4168 1095 4209; x_wconf 91' lang='lat' dir='ltr'>manns</span> <span class='ocrx_word' id='word_1_258' title='bbox 1110 4165 1218 4206; x_wconf 92' lang='lat' dir='ltr'>eorum</span> <span class='ocrx_word' id='word_1_259' title='bbox 1231 4141 1304 4225; x_wconf 92' lang='lat' dir='ltr'>quis</span> 
     </span>
     <span class='ocr_line' id='line_1_36' title="bbox 349 4243 1303 4331; baseline -0.008 -21"><span class='ocrx_word' id='word_1_260' title='bbox 349 4247 380 4311; x_wconf 93' lang='lat' dir='ltr'>in</span> <span class='ocrx_word' id='word_1_261' title='bbox 402 4247 469 4310; x_wconf 86' lang='lat' dir='ltr'>fata</span> <span class='ocrx_word' id='word_1_262' title='bbox 491 4245 649 4331; x_wconf 89' lang='lat' dir='ltr'>collapsus</span> <span class='ocrx_word' id='word_1_263' title='bbox 671 4258 730 4321; x_wconf 93' lang='lat' dir='ltr'>est,</span> <span class='ocrx_word' id='word_1_264' title='bbox 747 4258 823 4309; x_wconf 92' lang='lat' dir='ltr'>tunc</span> <span class='ocrx_word' id='word_1_265' title='bbox 845 4244 1033 4307; x_wconf 88' lang='lat' dir='ltr'>necessarias</span> <span class='ocrx_word' id='word_1_266' title='bbox 1055 4243 1230 4326; x_wconf 89' lang='lat' dir='ltr'>producent</span> <span class='ocrx_word' id='word_1_267' title='bbox 1254 4262 1303 4302; x_wconf 89' lang='lat' dir='ltr'>ra·</span> 
     </span>
    </p>
   </div>
   <div class='ocr_carea' id='block_1_3' title="bbox 0 0 1669 5309">
    <p class='ocr_par' dir='ltr' id='par_1_3' title="bbox 0 0 1669 5309">
     <span class='ocr_line' id='line_1_37' title="bbox 0 0 1669 5309; baseline 0 0"><span class='ocrx_word' id='word_1_268' title='bbox 0 0 1669 5309; x_wconf 95' lang='lat' dir='ltr'> </span> 
     </span>
    </p>
   </div>
  </div>
 </body>
</html>
