3309 5309
351 676 414 734 228
616 686 751 730 tornare
767 683 1047 727 saaasnnaransrs
1165 665 1249 744 [ma.
1266 682 1306 727 tv.

354 853 484 915 terram,
500 859 595 923 quam
613 836 770 899 Dominus
791 837 881 898 Deus
896 833 985 898 dabit
1001 833 1071 911 tibi,
1085 845 1117 896 et
1134 832 1307 916 possederis

354 962 435 1015 eam,
458 936 714 1021 habitaverisque
739 937 772 998 in
799 934 864 1010 illa,
891 947 923 998 et
953 933 1080 1007 dixeris,
1105 933 1305 997 Constituam

354 1063 448 1126 super
473 1063 523 1104 me
548 1060 652 1122 regem
678 1038 759 1100 sicut
784 1035 903 1099 habent
928 1057 1036 1098 omnes
1059 1057 1116 1118 per
1139 1034 1305 1097 circuitum

354 1143 506 1216 nationes,
522 1163 593 1203 eum
618 1138 802 1217 constitues,
819 1160 912 1221 quem
937 1136 1098 1199 Dominus
1120 1135 1211 1197 Deus
1232 1147 1305 1198 tuus

355 1243 484 1327 elegerit
515 1244 554 1305 de
582 1262 713 1302 numero
739 1239 874 1301 fratrum
906 1251 1041 1301 tuorum.
1088 1241 1161 1302 Non
1189 1236 1304 1321 poteris

354 1344 484 1408 alterius
510 1343 614 1428 gentis
640 1340 797 1402 hominem
823 1362 928 1422 regem
956 1340 1070 1415 facere,
1097 1339 1239 1423 quinon
1264 1338 1303 1400 sit

354 1448 452 1510 frater
468 1459 553 1509 tuna.
599 1445 772 1526 Quumque
787 1441 882 1505 fuerit
897 1444 1099 1515 constitutus,
1117 1463 1179 1503 non
1202 1439 1305 1502 multi·

354 1548 483 1635 plicabit
494 1546 553 1610 sibi
565 1568 675 1631 equos,
686 1566 742 1606 nec
754 1543 883 1607 reducet
895 1544 1051 1628 populum
1063 1543 1096 1605 in
1109 1543 1302 1628 AEgyptum‚

354 1650 519 1735 equitatus
532 1670 663 1711 numero
675 1645 876 1710 sublevatus:
894 1649 1068 1730 praesertim
1081 1667 1183 1730 quum
1196 1645 1303 1709 Domi·
1342 1701 1348 1719 ,

353 1774 414 1814 nus
444 1749 630 1835 praeceperit
657 1747 758 1826 vobis,
785 1761 821 1810 ut
851 1769 1051 1832 nequaquam
1082 1746 1220 1832 amplius
1249 1768 1301 1831 per

353 1852 483 1916 eandem
502 1851 582 1914 viam
605 1849 816 1914 revertamini.
862 1849 936 1913 Non
957 1849 1086 1913 habebit
1102 1872 1219 1912 uxores
1234 1848 1301 1934 plu·

352 1957 448 2017 rimas
475 1977 547 2037 quac
571 1953 711 2016 afficiant
731 1951 867 2014 animam
895 1951 974 2035 ejus,
995 1973 1098 2035 neque
1120 1952 1246 2035 argenti
1270 1962 1300 2012 et

352 2054 422 2116 auri
437 2055 589 2116 immensa
609 2053 758 2139 pondera.
807 2055 983 2138 Postquam
1004 2067 1111 2116 autern
1135 2053 1252 2116 sederit
1268 2053 1299 2115 in

353 2154 431 2217 solio
454 2154 541 2237 regni
567 2154 627 2230 sni,
651 2154 806 2217 describet
830 2153 888 2217 sibi
913 2154 1197 2219 Deuteronomium
1223 2154 1301 2240 legis

351 2254 450 2338 hujus
466 2254 497 2316 in
515 2255 686 2329 volumine,
702 2255 858 2340 accipiens
875 2259 1037 2339 exemplar
1052 2278 1070 2318 a
1084 2257 1300 2320 sacerdotibus

353 2356 507 2419 Leviticae
523 2355 634 2428 tribus,
652 2369 683 2419 et
700 2356 830 2420 habebit
845 2381 961 2430 secum,
979 2357 1127 2443 legetque
1141 2358 1222 2423 illud
1237 2381 1300 2422 om·

351 2457 447 2521 nibus
471 2456 584 2519 diebus
608 2456 681 2521 vitae
707 2481 784 2534 suae,
808 2472 844 2521 ut
867 2457 967 2522 discat
992 2458 1103 2522 timere
1124 2460 1298 2523 Dominum

351 2560 456 2622 Deum
481 2581 587 2634 suum,
608 2571 640 2620 et
659 2559 819 2622 custodire
835 2560 932 2623 verba
953 2573 984 2625 et
1007 2561 1199 2625 ceremonias
1221 2565 1298 2648 ejus,

351 2682 425 2744 quae
440 2659 472 2721 in
489 2658 558 2741 lege
574 2672 731 2744 praecepta
748 2673 835 2723 sunt.
878 2662 946 2723 Nec
961 2661 1102 2725 elevetur
1116 2685 1171 2725 cor
1186 2662 1255 2747 ejus
1269 2663 1298 2724 in

351 2760 530 2846 superbiam
552 2783 647 2845 super
662 2760 775 2823 fratres
798 2784 883 2838 suos,
899 2785 1004 2847 neque
1022 2763 1158 2826 declinet
1175 2764 1207 2827 in
1228 2786 1297 2850 par·

350 2877 414 2925 tem
438 2862 600 2926 dexteram
623 2861 671 2924 vel
691 2861 866 2936 sinistram
895 2877 929 2927 ut
952 2863 1047 2947 longo
1067 2876 1209 2949 tempore
1229 2888 1297 2948 reg·

351 2976 405 3026 net
427 2962 495 3047 ipse
510 2973 541 3025 et
558 2961 643 3024 filius
659 2963 727 3047 ejus
749 2985 845 3047 super
862 2963 969 3028 Israel.
1016 2964 1174 3050 Nunquid
1190 2988 1297 3050 quaeso

349 3064 438 3129 nulla
453 3063 522 3148 lege
537 3076 689 3139 arctatur,
704 3086 800 3148 quem
822 3063 873 3126 lex
889 3066 950 3129 ista
968 3066 1180 3150 constringit?
1218 3070 1297 3131 Haec

349 3166 462 3250 utique
478 3163 585 3227 diviua
599 3176 657 3243 est,
669 3178 699 3228 et
712 3167 841 3249 impune
856 3165 933 3228 solvi
950 3188 1011 3228 non
1027 3179 1142 3251 potest.
1168 3169 1297 3254 Singula

350 3376 434 3427 sunt.
481 3367 589 3429 Taceo
605 3366 644 3429 de
659 3366 810 3430 electione
825 3367 906 3452 ejus,
921 3379 954 3430 et
969 3368 1071 3432 forma
1085 3369 1163 3454 ejus,
1175 3393 1249 3455 quae
1265 3371 1295 3433 in

351 3464 508 3549 Principis
522 3467 679 3531 creatione
690 3468 841 3552 exigitur.
880 3469 1014 3532 Vivendi
1031 3469 1212 3553 formulam,
1223 3495 1295 3557 quae

350 3565 379 3628 ei
397 3567 582 3652 praescripta
604 3583 662 3647 est,
678 3591 798 3632 mecum
815 3568 977 3655 paulisper
992 3570 1132 3634 attende.
1164 3564 1294 3650 Quum,

348 3664 464 3751 inquit,
477 3667 574 3730 suerit
590 3671 794 3742 constitutus,
806 3674 863 3754 qui
880 3693 912 3732 se
927 3670 1025 3735 totius
1040 3670 1152 3756 populi
1166 3672 1293 3738 fratrem

347 3767 507 3851 religionis
529 3768 631 3845 cultu,
654 3784 685 3833 et
708 3771 824 3834 affectu
847 3772 988 3836 caritatis
1011 3773 1210 3858 profiteatur,
1232 3798 1293 3840 nou

346 3868 572 3953 multiplicabit
601 3870 660 3934 sibi
692 3894 801 3956 equos,
831 3895 969 3958 quorum
999 3876 1226 3940 numerositate
1255 3879 1293 3943 sit

346 3968 481 4034 subditis
503 3990 664 4035 onerosus.
709 3974 821 4056 Equos
843 3973 972 4060 quidem
997 3974 1224 4062 multiplicare,
1246 3992 1292 4043 est

345 4069 453 4157 plures
468 4090 564 4155 quam
575 4068 643 4154 ipsa
658 4072 824 4137 necessitas
836 4074 954 4159 exigat,
964 4097 1055 4139 vanae
1066 4076 1178 4160 gloriae
1191 4101 1292 4156 causa,

345 4171 396 4234 vel
422 4168 536 4234 erroris
564 4166 695 4235 alterius
725 4194 927 4258 congregare.
982 4174 1127 4239 Multum
1154 4177 1236 4241 enim
1261 4188 1290 4240 et

344 4295 469 4357 parum,
486 4270 511 4335 si
529 4271 813 4356 Peripateticorum
836 4274 1010 4362 principem
1027 4277 1204 4362 sequimur,
1218 4276 1290 4363 legi-
