3309 5309
366 661 427 724 158
630 674 764 720 cornuis
781 671 1054 720 sannsnnmsnsrs
1178 653 1261 730 [nra.
1278 671 1315 716 11.

426 913 504 996 Cap.
522 911 574 979 29.
597 912 649 976 Dc
663 913 821 994 Physicis,
842 910 1016 983 Tlreoricis,
1031 918 1063 972 ct
1079 903 1254 997 Prccti'cis.

406 1055 511 1117 Lmnn
535 1064 640 1115 tamen
654 1063 691 1116 ut
707 1051 747 1114 de
772 1050 892 1115 futuris
916 1048 1033 1137 aliquis
1056 1049 1255 1126 consulatur,
1270 1047 1315 1112 ita

361 1154 502 1239 quidem,
531 1153 556 1218 si
585 1166 643 1218 aut
673 1140 787 1238 spiritu
823 1151 942 1237 polleat
971 1151 1159 1238 prophetiae,
1189 1163 1246 1215 aut
1275 1173 1315 1214 ex

360 1255 559 1319 naturalibus
593 1253 702 1338 siguis,
732 1252 810 1338 quid
844 1253 878 1315 in
908 1251 1095 1338 corporibus
1130 1250 1313 1316 animalium

360 1357 496 1434 eveniat,
511 1357 643 1444 physica
662 1356 796 1419 docente
815 1355 983 1439 cognovit:
1007 1368 1064 1419 aut
1081 1356 1105 1418 si
1122 1354 1311 1441 qualitatem

359 1457 510 1543 temporis
525 1458 728 1531 imminentis,
739 1456 1029 1543 experimentorum
1042 1456 1169 1520 indiciis
1179 1455 1311 1540 colligit.

360 1558 448 1622 Dum
476 1572 580 1624 tomen
606 1559 654 1623 his
683 1557 912 1644 posterioribus
937 1579 1139 1642 nequaquam
1166 1558 1243 1642 quis
1266 1556 1312 1621 ita

357 1681 466 1724 aurem
483 1661 709 1736 accommodet,
726 1671 763 1724 ut
778 1659 865 1733 fidei,
880 1672 935 1724 aut
951 1659 1096 1744 religioni
1112 1658 1311 1745 praejudicet.

360 1762 422 1826 Sed
438 1785 495 1827 nec
509 1763 601 1850 primi
615 1762 765 1828 audiendi
776 1773 861 1838 sunt,
873 1761 932 1825 nisi
944 1761 976 1825 in
987 1785 1024 1825 eo
1035 1760 1123 1848 quod
1134 1761 1313 1848 loquuntur

357 1882 377 1924 a
392 1861 541 1943 Domino,
556 1862 641 1950 quod
658 1882 823 1947 nunquam
837 1859 1020 1943 religionem
1035 1861 1219 1945 impugnat,
1234 1861 1311 1944 quia

356 1983 467 2027 verum
484 1987 560 2027 vero
575 1964 686 2050 nequit
701 1985 767 2027 esse
785 1964 991 2039 contrarium,
1006 1984 1063 2025 nec
1079 1961 1199 2025 bonum
1218 1961 1311 2025 bono.

356 2067 401 2128 At
412 2064 535 2149 physici
544 2064 622 2128 dum
634 2080 757 2130 natnrae
768 2063 900 2128 nimium
911 2062 1310 2139 auctoritatisattribuunt,

356 2162 390 2226 in
420 2175 580 2228 auctorem
610 2179 744 2240 naturae,
775 2164 973 2230 adversando
1002 2163 1088 2240 fidei,
1119 2164 1310 2250 plerumque

356 2263 549 2349 impingunt.
595 2268 669 2329 Non
700 2265 782 2328 enirn
813 2287 922 2328 omnes
950 2263 1065 2327 erroris
1094 2285 1210 2348 arguo,
1236 2263 1310 2327 licet

356 2361 513 2448 plurimos
537 2363 702 2439 audierim,
725 2365 765 2429 de
785 2365 900 2444 anima,
918 2365 958 2428 de
981 2363 1157 2430 virtutibus
1182 2376 1215 2428 et
1234 2386 1310 2445 ope-

356 2462 445 2527 ribus
467 2464 548 2550 ejus,
564 2465 605 2529 dc
626 2478 798 2548 augmento
818 2465 960 2551 corporis
981 2478 1014 2530 et
1035 2464 1254 2540 diminutione,
1271 2462 1311 2528 dc

355 2565 582 2630 resurrectione
594 2567 746 2652 ejusdem,
756 2567 796 2631 de
808 2566 966 2632 creatione
979 2588 1098 2642 rerum,
1109 2565 1202 2630 aliter
1212 2587 1307 2651 quam

354 2665 434 2730 fides
455 2667 582 2745 habeat,
598 2667 809 2754 disputantes.
855 2671 906 2732 De
928 2669 998 2753 ipso
1019 2689 1149 2754 quoque
1173 2668 1246 2730 Deo
1261 2665 1308 2728 iu-

355 2768 481 2832 terdum
496 2768 543 2834 ita
557 2769 745 2857 loquuntur,

502 2879 542 2931 Ut
554 2881 576 2932 si
588 2881 726 2948 terrigenae
737 2885 868 2932 tentarent
879 2882 950 2930 astra
961 2877 1093 2944 gigantes,

352 2985 384 3038 et
401 2972 485 3037 inani
500 2987 616 3038 conatu
632 2997 703 3039 cum
721 2973 895 3051 Encelado,
907 2984 943 3036 ut
959 2974 1004 3036 eis
1016 2975 1123 3037 AEtoae
1135 2993 1215 3036 onus
1226 2969 1306 3056 igni-

352 3073 453 3139 fluum
470 3077 663 3161 imponatur,
673 3076 803 3160 cupiant
813 3073 996 3159 promereri.
1031 3072 1093 3136 Sed
1104 3072 1137 3135 in
1153 3071 1202 3136 his
1218 3072 1305 3137 facile

351 3175 415 3242 labi
437 3190 582 3263 possunt,
605 3176 682 3264 quia
704 3176 944 3262 quanticunque
966 3174 1086 3260 ingenii
1109 3173 1204 3255 vires,
1225 3177 1304 3239 citra

351 3278 601 3364 profunditatem
623 3278 831 3354 difficultatis,
848 3299 922 3364 qnae
940 3276 972 3339 in
996 3275 1045 3340 his
1068 3275 1215 3351 vertitur,
1230 3274 1304 3340 sub-

351 3379 478 3443 sistunt.
523 3380 592 3444 Ubi
622 3403 697 3444 vero
727 3379 834 3444 delicit
863 3378 1054 3458 intellectus,
1079 3376 1155 3440 fidei
1181 3375 1302 3441 rationo

350 3478 499 3555 deducta,
523 3502 596 3565 quae
615 3481 719 3544 media
740 3494 799 3557 est,
819 3493 918 3545 restat
944 3483 1010 3544 sola
1031 3478 1149 3564 opinio.
1194 3479 1299 3556 Quum

350 3603 426 3643 vero
445 3579 486 3642 de
505 3580 708 3646 inferioribus
730 3581 899 3669 quaeritur,
919 3593 1000 3667 puta
1022 3579 1063 3643 de
1084 3578 1302 3665 complexione

349 3679 504 3757 animalis,
528 3682 568 3745 de
590 3706 684 3747 causa
706 3696 738 3747 et
765 3705 843 3747 cura
866 3681 1079 3766 aegritudinis,
1101 3681 1147 3744 eis
1172 3680 1300 3744 omnino

348 3781 427 3845 nihil
446 3781 543 3857 deest,
558 3797 676 3868 praeter
694 3786 843 3849 effectum
865 3782 980 3869 operis,
1001 3783 1027 3846 si
1046 3782 1075 3845 is
1089 3781 1300 3847 desideratur.

348 3885 394 3948 Et
417 3883 546 3969 quidem
570 3885 712 3960 theorici,
735 3885 891 3972 quicquid
911 3908 1004 3950 suum
1029 3896 1087 3959 est,
1107 3884 1243 3958 faciunt,
1268 3894 1300 3946 et

346 3988 428 4051 forte
442 4006 501 4070 pro
516 4006 620 4046 amore
635 3994 692 4048 tuo
712 3985 849 4070 amplius
869 3986 1056 4070 erogabunt,
1072 3996 1104 4048 et
1120 3984 1161 4047 ab
1175 3984 1222 4049 eis
1238 3983 1300 4047 sin·

345 4086 493 4172 gularurn
511 4107 615 4149 rerum
631 4107 741 4149 causas
756 4100 786 4150 et
808 4099 938 4151 naturas
958 4085 1112 4172 accipies;
1142 4083 1298 4160 sanitatis,

346 4185 556 4273 aegritudinis
586 4199 617 4251 et
647 4185 867 4263 neutralitatis,
898 4210 1042 4252 censores
1066 4188 1153 4251 suin.
1211 4187 1299 4248 Dant

346 4291 512 4355 sanitatem
529 4289 626 4353 verbo
642 4299 744 4372 tenus,
759 4302 790 4354 et
806 4303 1004 4355 conservant.
1050 4286 1301 4355 Neutralitatem
