3309 5309
499 671 562 731 118
756 687 890 732 solutus
906 683 1180 729 ssaasuamsums
1271 672 1275 680 '
1313 665 1398 745 [am.
1415 685 1451 730 11.

501 836 647 922 quamvis
661 859 723 901 non
739 837 957 922 praedestinati
972 858 1039 900 esse
1053 835 1185 921 possint,
1196 833 1316 920 poterit
1330 834 1452 922 aliquid

500 940 588 1025 quod
611 940 809 1025 praeteritum
831 939 883 1017 sit,
898 961 938 1001 ne
959 937 1148 1023 praeterierit
1168 937 1321 1001 revocari.
1367 941 1454 1002 Nota

501 1041 655 1126 siquidem
672 1040 966 1126 pradestinationis,
981 1062 1173 1126 quocunque
1188 1038 1277 1103 verbi
1292 1062 1367 1103 casu
1384 1051 1455 1104 uta·

500 1141 552 1218 ris,
575 1156 730 1228 quantum
758 1142 790 1205 in
814 1165 853 1205 eo
876 1154 934 1217 est,
958 1142 1106 1206 futurum
1131 1164 1228 1228 quam
1253 1141 1452 1228 proeteritum

498 1243 606 1327 potius
629 1243 745 1328 signat,
760 1256 793 1307 et
815 1265 886 1307 eum
909 1242 950 1306 de
972 1266 1038 1327 qno
1059 1242 1187 1318 dicitur,
1210 1243 1272 1306 nisi
1289 1243 1358 1328 jam
1385 1242 1453 1307 fore

499 1345 645 1421 evaserit,
665 1342 784 1407 indicat
807 1365 875 1408 esse
898 1342 1095 1407 salvandum.
1133 1345 1194 1407 Est
1217 1343 1313 1418 enim,
1331 1355 1368 1407 ut
1388 1340 1452 1406 dici

500 1445 592 1522 solet,
604 1446 736 1510 verbum
749 1445 947 1521 faecundum,
957 1458 988 1508 et
1000 1447 1033 1508 in
1046 1468 1078 1508 se
1090 1467 1213 1531 semper
1223 1445 1311 1509 verbi
1322 1444 1452 1509 alterius

498 1547 738 1632 intelligentiam
762 1547 892 1612 claudit.
939 1551 1012 1612 Non
1034 1548 1145 1634 itaque
1166 1561 1289 1612 motum
1311 1546 1450 1634 aliquem

498 1649 716 1734 praedestinati
729 1650 855 1733 ingerit,
867 1647 921 1712 scd
933 1648 960 1711 ei
973 1649 1028 1732 qui
1041 1648 1212 1712 salvandus
1221 1649 1452 1734 est,priniitiva

497 1750 695 1836 disponentis
716 1751 778 1814 Dei
799 1750 913 1836 gratia,
929 1761 1038 1836 patere
1058 1751 1168 1815 asserit
1188 1750 1305 1815 ostium
1327 1750 1452 1825 salutis,

496 1865 528 1916 ct
539 1853 671 1938 januam
684 1853 918 1932 misericordiae,
929 1874 991 1938 qua
1002 1851 1192 1937 procedente
1201 1865 1345 1937 tempore
1354 1850 1452 1937 possit

497 1952 623 2033 salvari,
648 1955 713 2017 imo
739 1955 927 2033 salvabitur,
953 1954 1026 2018 licet
1052 1954 1151 2040 possit
1180 1966 1212 2018 et
1238 1976 1301 2016 uon
1327 1953 1449 2017 salvari.

497 2058 566 2118 Nec
592 2056 668 2119 mihi
695 2055 776 2120 illud
803 2056 984 2121 Aristotelis
1011 2060 1059 2121 tui
1084 2056 1226 2142 objicias,
1253 2055 1330 2142 quia
1354 2055 1450 2120 fuisse

498 2155 586 2240 quod
605 2157 681 2235 suit,
696 2169 728 2220 ct
748 2179 814 2221 esse
838 2157 921 2242 quod
937 2170 995 2233 est,
1012 2158 1162 2242 quoniam
1183 2172 1242 2234 est,
1257 2180 1384 2222 necesse
1403 2170 1448 2222 est

497 2272 534 2320 ut
564 2257 695 2343 colligas
728 2258 974 2339 enunciationes,
1004 2281 1080 2345 quae
1109 2259 1264 2346 praeteriti
1298 2260 1450 2345 temporis

498 2356 616 2422 habent
631 2362 790 2444 copulam,
805 2381 894 2422 veras
908 2383 974 2423 csse
995 2360 1136 2445 praecise,
1151 2359 1200 2422 vel
1216 2363 1349 2445 praecise
1363 2374 1395 2425 et
1409 2382 1448 2423 ex

496 2462 681 2525 necessitate
710 2461 813 2527 falsas.
859 2461 993 2526 Minime
1020 2484 1158 2548 namque
1188 2461 1246 2525 hac
1272 2462 1449 2548 objectione

490 2561 667 2646 juvaberis,
685 2587 786 2651 quum
799 2576 831 2628 et
844 2564 912 2649 ipsa
927 2563 1106 2628 Aristotelis
1122 2564 1217 2627 verba
1228 2563 1349 2628 faciant
1363 2586 1449 2651 quaa-

494 2667 639 2742 stioncm,
655 2680 687 2731 ct
704 2665 837 2730 articulo
852 2665 1053 2729 discutiendo
1076 2665 1211 2741 nullum,
1232 2679 1290 2731 aut
1312 2688 1446 2751 parvum

494 2765 597 2832 ferant
626 2768 824 2852 suffragium.
880 2767 1016 2852 Regulae
1046 2766 1203 2854 siquidem
1233 2767 1448 2848 iutegritatem

496 2861 687 2935 subvertunt
709 2869 955 2950 enunciationes,
975 2893 1047 2956 quae
1069 2869 1242 2956 praeteritis
1261 2871 1327 2934 vim
1346 2868 1447 2936 futuri

495 2970 707 3055 contingentis
722 2971 922 3057 adjungunt3
949 2984 1029 3057 puta
1046 2995 1154 3036 verum
1170 2972 1234 3037 suit
1250 2971 1319 3036 heri
1334 2985 1367 3037 te
1380 2995 1448 3036 cras

494 3094 560 3136 esse
581 3074 750 3154 lecturum,
766 3086 820 3138 aut
844 3086 875 3137 te
892 3074 982 3140 Plato
1004 3074 1199 3160 quandoque
1221 3073 1314 3138 scivit
1330 3073 1446 3138 dormi-

496 3189 615 3243 turum.
661 3181 698 3241 In
726 3175 844 3262 quibus
866 3199 904 3238 ex
930 3176 1135 3262 adjunctione
1157 3175 1273 3256 futuri,
1295 3175 1447 3263 praeteriti
1494 3219 1499 3228 ·

496 3281 647 3364 temporis
674 3279 798 3342 vacillat
826 3278 914 3344 fides.
960 3280 1047 3342 Dum
1074 3282 1156 3343 enim
1183 3293 1218 3343 tu
1242 3281 1364 3364 poteris
1384 3299 1446 3343 nou

494 3380 643 3457 dormire,
666 3394 697 3444 et
723 3382 783 3445 hoc
808 3379 900 3445 Plato
922 3381 1040 3466 poterit
1066 3380 1242 3457 nescivisse,
1269 3404 1333 3445 nou
1359 3380 1446 3468 quod

495 3494 611 3559 motus,
627 3484 684 3567 qui
706 3484 859 3547 inanima
880 3484 950 3568 ejus
970 3482 1044 3558 fuit,
1061 3505 1122 3546 non
1144 3483 1243 3548 fuisse
1265 3484 1377 3569 possit,
1392 3483 1445 3548 sed

495 3583 583 3667 quod
606 3607 678 3669 quae
699 3584 761 3649 fuit
784 3585 924 3659 scientia,
946 3585 1158 3649 mutabilitate
1180 3608 1297 3666 rerum,
1312 3599 1345 3651 et
1367 3599 1447 3651 tem·

493 3684 579 3769 poris
595 3685 716 3751 lubrico
730 3687 761 3750 in
774 3688 954 3772 opinionem
972 3673 1089 3771 poterit
1102 3687 1258 3752 devocari.
1290 3686 1325 3753 Si
1341 3699 1444 3752 tamen

493 3785 743 3871 contingentium
770 3788 954 3852 futurorum
985 3788 1051 3852 ulla
1079 3803 1182 3874 potest
1210 3812 1277 3853 esse
1306 3789 1447 3869 scientia,

494 3892 640 3972 quamvis
662 3889 700 3952 sit
716 3889 895 3953 indubitata
917 3890 1035 3974 opinio,
1050 3914 1125 3976 quoe
1146 3891 1308 3955 scientiam
1333 3892 1446 3978 proba-

493 3989 600 4053 biliter
622 3989 782 4054 imitatur:
810 3990 885 4054 item
908 3992 995 4076 quod
1018 3993 1086 4057 heri
1111 4015 1223 4057 verum
1244 3993 1344 4057 fuisso
1366 4017 1447 4079 prse-

491 4092 642 4170 diximus,
654 4113 715 4154 non
731 4091 829 4156 fuisse
841 4093 962 4178 'poterit
979 4118 1100 4172 verum,
1116 4117 1178 4158 non
1193 4095 1281 4180 quod
1299 4118 1348 4160 res
1363 4119 1444 4182 pue·

490 4196 585 4258 terita
599 4205 775 4268 revocetur,
792 4216 866 4278 quae
884 4193 915 4257 in
933 4218 969 4257 eo
992 4197 1078 4259 nulla
1093 4197 1260 4282 praeteriit,
1277 4197 1333 4260 sed
1356 4197 1443 4282 quod

420 4345 424 4354 .
490 4295 658 4359 ressutuva
668 4298 1018 4380 exspectatur,quaeab
1028 4297 1150 4362 insidiis
1161 4297 1301 4362 fortunoe
1311 4299 1443 4384 pendet,
