3309 5309
659 658 833 727 'can
863 661 959 742 v.]
1437 676 1941 724 romeam-mua.
2476 664 2553 723 1⁷
2565 665 2591 723 1

689 831 950 898 lendum
975 827 1275 896 vanitatis
1305 827 1598 913 spiritum
1631 827 1938 913 proferat,
1972 828 2022 891 si
2055 841 2127 893 tu
2158 831 2409 893 aurium
2434 829 2597 907 vela,

689 946 753 999 et
783 930 1189 997 latitudinem
1225 928 1434 994 cordis
1478 929 1560 993 ad
1603 941 1918 993 tumorem
1957 928 2442 1016 concipiendum
2488 934 2603 1017 op-'

689 1034 953 1122 pandas.
1044 1033 1134 1095 Et
1177 1029 1331 1116 quia
1361 1028 1664 1094 videntur
1701 1029 1785 1093 ab
1829 1029 2145 1107 omnibus,
2175 1029 2427 1094 facilius
2464 1032 2603 1095 haec

695 1160 734 1201 a
761 1133 1085 1222 plerisque
1106 1132 1409 1198 vanitatis
1438 1131 1747 1217 obsequia
1774 1144 2293 1199 contemnuntur.
2356 1134 2607 1198 Verun-

697 1251 909 1303 tamen
937 1235 1049 1299 illa
1080 1234 1283 1319 magis
1313 1232 1619 1309 timenda,
1646 1232 1799 1319 quia
1830 1233 2030 1318 magis
2058 1234 2408 1319 perniciosa
2437 1247 2610 1316 sunt,

699 1362 845 1426 quae
882 1336 1164 1424 quodam
1203 1334 1470 1400 cautelae
1501 1334 1859 1399 velamento
1899 1335 2248 1400 studiosius
2292 1335 2610 1401 occultan-

698 1455 831 1519 tur,
851 1453 915 1506 et
935 1440 1120 1526 quasi
1142 1438 1264 1504 sub
1285 1437 1560 1522 imagine
1583 1437 2033 1523 increpationis
2055 1450 2168 1502 aut
2186 1438 2610 1520 correctionis,

699 1540 1043 1609 alteriusve
1087 1539 1302 1617 officii,
1346 1551 1460 1603 aut
1493 1538 1775 1616 virtutiS,
1821 1539 2136 1623 irrepunt.
2227 1540 2415 1616 Quod
2458 1562 2615 1605 non-

701 1643 933 1725 nullos,
990 1642 1150 1711 dum
1209 1639 1717 1706 benevolentiam
1789 1640 2272 1706 immoderatius
2328 1654 2611 1727 captant,

697 1746 922 1813 fecisse
949 1744 1244 1831 reperies,
1319 1742 1438 1807 Ait
1469 1744 1639 1806 enim
1673 1741 1939 1822 Laelius,
1960 1764 2087 1806 non
2119 1740 2227 1807 ille
2259 1739 2427 1805 lator
2455 1741 2613 1825 legis

699 1843 1019 1920 amicitiae,
1052 1843 1160 1907 sed
1207 1866 1425 1908 suasor
1469 1841 1620 1907 belli
1666 1843 1891 1923 civilis»,
1920 1854 1985 1907 et
2026 1842 2265 1906 furoris
2308 1841 2615 1922 incentor,

702 1945 817 2030 qui
849 1956 914 2009 et
944 1943 1027 2009 ab
1056 1943 1196 2015 aliis
1226 1941 1551 2008 Lentulus
1578 1941 1964 2029 appellatur,

914 2083 1072 2148 Quod
1095 2089 1206 2136 tam
1228 2083 1373 2136 lenta
1395 2089 1513 2136 tuas
1536 2084 1710 2136 tenuit
1731 2085 1984 2155 patientia
2004 2084 2159 2149 vireS,

915 2169 1310 2241 conquerimur,
1335 2169 1518 2221 deerat
1540 2185 1608 2220 ne
1630 2169 1729 2221 tibi
1750 2168 1943 2226 fiducia
1964 2170 2163 2222 nostri?

915 2256 1061 2309 Dum
1083 2261 1256 2309 movet
1277 2255 1390 2308 haec
1414 2253 1612 2308 calidus
1634 2256 1887 2326 spirantia
1910 2273 2119 2326 corpora
2144 2255 2379 2324 sanguis,

916 2342 992 2394 Et
1014 2342 1135 2394 dum
1155 2340 1263 2412 pila
1283 2340 1458 2396 valent
1479 2340 1639 2394 fortes
1663 2348 1901 2411 torquere
1923 2341 2123 2407 lacerti,

919 2429 1252 2496 Degenerem
1276 2430 1474 2501 patiere
1496 2434 1696 2496 togam,
1719 2446 2041 2499 regnumque
2060 2431 2307 2482 senatus?

917 2515 1101 2582 Usque
1123 2515 1257 2568 adeo
1280 2515 1528 2567 miserum
1551 2519 1634 2566 est
1655 2511 1798 2566 civili
1818 2515 2024 2566 vincere
2044 2513 2219 2565 bello?

714 2650 818 2717 Sic
861 2664 926 2715 et
969 2649 1034 2716 in
1078 2651 1426 2717 Comoediis
1468 2671 1793 2714 servorum
1833 2647 2181 2712 calliditate
2224 2647 2463 2713 domini
2507 2647 2616 2714 de-

707 2753 1048 2834 luduntur,
1079 2755 1421 2841 praemissis
1463 2751 2006 2838 increpationibus
2028 2749 2319 2816 ‘rationes
2346 2772 2494 2815 suas
2521 2751 2614 2816 in-

708 2855 949 2921 firmari
991 2858 1398 2943 permittunt,
1430 2865 1494 2919 et
1540 2852 1798 2919 tandem
1840 2876 1905 2917 se
1946 2852 2143 2919 victos
2186 2851 2508 2928 simulant,
2540 2867 2615 2921 ut

707 2969 772 3021 et
805 2956 1210 3021 credulorum
1243 2978 1490 3021 sensum
1536 2955 1909 3020 confirment
1938 2976 2237 3032 errorem,
2268 2967 2333 3018 et
2363 2954 2444 3018 de
2474 2976 2619 3039 pro-

707 3057 972 3128 ditionis
1000 3057 1271 3141 perfidia
1298 3056 1570 3142 gratiam
1611 3069 2036 3143 aucupentur,
2067 3078 2300 3142 magna
2329 3068 2617 3140 satagen-

708 3172 806 3230 tes
851 3159 1195 3239 industria,
1239 3172 1312 3225 ut
1360 3160 1449 3224 sic
1494 3181 1739 3245 semper
1784 3160 2124 3246 decipiant,
2169 3173 2242 3224 ut
2286 3181 2618 3245 nunquam

709 3261 955 3348 possint
1029 3262 1215 3348 argui
1287 3261 1602 3327 falsitatis
1720 3263 1969 3326 Eorum
2039 3285 2320 3348 namque
2383 3262 2618 3328 veritas

713 3362 1045 3428 mendacio
1119 3364 1334 3434 servit.
1447 3363 1618 3441 Quid
1682 3363 1857 3449 quod
1919 3386 2203 3451 aucupes
2258 3364 2615 3429 novitatum

713 3464 1118 3531 rumusculos
1145 3476 1520 3550 congerunt,
1543 3464 1907 3550 eisdemque
1936 3465 2327 3531 curiosorum
2353 3465 2619 3531 auribus

715 3565 1134 3647 satisfaciunt,
1179 3580 1254 3633 ut
1307 3567 1425 3632 hac
1467 3566 1573 3636 via
1611 3567 2118 3654 compendiosius
2166 3567 2251 3633 ad
2300 3567 2389 3644 id,
2441 3568 2618 3653 quod

716 3667 1136 3744 desideratur,
1167 3668 1520 3737 accedant?
1598 3669 1939 3756 Temporis
1973 3692 2230 3756 quoque
2270 3669 2621 3756 diligentis-

718 3769 859 3843 simi
889 3770 1323 3841 observatores
1353 3783 1523 3848 sunt,
1548 3793 1628 3836 ne
1649 3770 1812 3857 quid
1834 3771 2280 3856 intempestive
2306 3771 2619 3857 ingerant,

720 3870 829 3935 sed
858 3870 1026 3935 inter
1055 3871 1522 3957 prandendum,
1551 3886 1667 3941 aut
1704 3894 1849 3938 cum
1880 3873 2028 3938 vino
2056 3874 2201 3959 quis
2229 3873 2622 3938 exhilaratus

719 3971 938 4054 fuerit,
989 3983 1102 4037 aut
1149 3975 1589 4060 cujuscunque
1634 3997 1891 4062 compos
1934 3976 2302 4063 voluptatiS.
2400 3976 2625 4058 Hujus

721 4075 988 4139 cauteloe
1011 4076 1296 4140 meminit
1323 4077 1536 4156 Mam,
1561 4101 1766 4165 quum
1789 4078 1873 4144 ad
1898 4079 2168 4142 AEneam
2194 4074 2621 4142 revocandum

723 4196 998 4240 sororem
1019 4199 1058 4240 a
1083 4176 1339 4242 Didone
1369 4179 1622 4244 missam
1651 4180 1894 4254 asserit,
1916 4203 2065 4265 quae
2098 4179 2233 4244 sola
2255 4173 2375 4240 viri
2404 4171 2624 4235 molles

723 4276 938 4342 aditus
988 4290 1052 4342 et
1107 4290 1394 4367 tempora
1443 4294 1646 4349 norat.
1736 4282 1896 4358 Quis
1948 4294 2160 4346 autem
2212 4298 2336 4342 nun
2397 4269 2625 4350 ridfflts

2385 4392 2953 4830 fl
