3309 5309
246 670 318 714 car.
333 653 405 733 aa]
461 693 462 696 =
571 672 826 718 aonuomrrcus.
1139 659 1198 722 107

247 819 331 885 enim
347 821 443 885 homo
462 843 524 884 nou
546 843 676 908 peccare
690 844 752 885 non
768 834 907 906 poterat,
923 822 999 907 quia
1016 846 1090 887 eum
1107 827 1197 891 Deus

245 934 446 1003 praenoverat
468 934 684 1009 peccaturum,
707 934 762 986 aut
793 922 871 1008 quia
900 923 953 987 ille
974 947 1037 988 non
1067 947 1197 1011 peccare

245 1036 384 1109 poterat,
395 1046 467 1089 eum
476 1037 682 1110 peccaturum
694 1024 852 1088 Dominus
862 1025 1042 1110 ignorabat.
1081 1028 1196 1113 Neque

245 1145 308 1187 non
324 1124 404 1187 mori
420 1145 513 1209 posse
527 1123 695 1201 nesciebat,
706 1147 744 1187 eo
758 1124 847 1209 quod
863 1136 929 1189 erat
945 1126 1066 1209 peccati
1083 1128 1195 1193 merito

246 1226 430 1290 moriturus.
474 1229 588 1312 Neque
609 1247 683 1289 eum
699 1226 778 1290 mori
800 1248 926 1290 necesse
947 1240 1026 1308 erat,
1042 1227 1193 1313 quoniam

246 1326 307 1390 hoc
322 1327 480 1392 Dominus
495 1327 692 1413 praesciebat.
738 1328 860 1393 Factus
874 1343 921 1393 est
931 1329 1029 1413 igitur
1040 1328 1194 1414 quodam-

247 1428 342 1492 modo
355 1430 553 1508 immortalis,
569 1433 743 1494 moriturus
757 1430 870 1515 procul
884 1430 995 1508 dubio,
1011 1444 1043 1496 et
1058 1445 1193 1497 mortem

246 1530 341 1616 culpa
369 1532 490 1607 attulit,
516 1554 614 1617 quam
644 1542 770 1596 naturae
798 1531 939 1597 conditio
967 1555 1032 1596 uon
1059 1534 1192 1600 invexit.

246 1631 406 1716 Essetquc
427 1633 468 1696 ab
488 1654 525 1696 ea
538 1629 777 1697 immortalitate
800 1655 863 1718 qua
876 1654 940 1695 non
961 1635 1042 1696 mori
1059 1646 1195 1718 poterat,

245 1731 277 1793 in
292 1753 361 1794 eam
374 1754 439 1817 qua
450 1733 530 1796 mori
540 1754 604 1796 nou
616 1744 734 1819 posset,
747 1732 1005 1806 transferendus;
1029 1733 1091 1797 nisi
1100 1733 1196 1819 culpa

243 1832 479 1913 inobedientiae,
502 1835 635 1920 praecisa
655 1830 790 1920 justitie
816 1837 938 1914 semita,
963 1845 1061 1898 tantae
1085 1832 1195 1918 glorie

245 1933 369 2000 aditum
384 1959 442 2022 pro
457 1948 600 2024 tempore
620 1938 841 2023 praeclusisset.
888 1935 1149 2024 Itaque'peccare
1163 1950 1195 2002 et

246 2059 309 2101 non
330 2061 461 2125 peccare
480 2040 585 2125 potuit
601 2062 687 2104 mera
708 2039 867 2126 praeditus
886 2040 1035 2105 libertate
1057 2037 1194 2116 arbitrii,

246 2140 303 2225 qui
312 2140 619 2228 nulladispositionis
627 2141 883 2221 violentia,nullo
891 2142 1031 2207 fatorum
1041 2141 1194 2227 impulsu,

244 2243 334 2306 nullo
347 2243 537 2309 conditionis
548 2244 687 2322 stimulo,
703 2244 792 2309 nullo
807 2244 913 2308 adhuc
928 2257 1052 2310 naturae
1067 2243 1195 2308 defectu

205 2415 207 2419 Α
246 2346 421 2429 urgebatur
442 2346 482 2410 ad
506 2350 645 2433 culpam,
668 2368 742 2431 quae
764 2345 948 2410 indubitata
969 2368 1083 2431 parens
1104 2367 1195 2431 paene

245 2444 402 2509 hominem
419 2459 531 2532 sponte
545 2444 668 2534 lapsum
684 2447 818 2534 impegit
832 2447 866 2510 in
886 2459 1030 2511 mortem.
1074 2450 1196 2510 Verum

246 2547 320 2631 quia
334 2549 367 2611 in
388 2549 547 2635 injustitia
568 2549 658 2612 frena
679 2549 800 2613 laxavit
821 2547 956 2621 arbitrii,
980 2551 1024 2612 sic
1040 2548 1073 2610 in
1087 2570 1125 2611 ea
1139 2569 1197 2633 op-¹

202 2675 205 2679 ’
243 2670 370 2734 pressus
391 2665 423 2714 et
445 2654 581 2717 obrutus
598 2654 695 2738 jacet,
716 2663 752 2716 ut
770 2652 860 2735 justo
879 2648 943 2712 Dei
959 2647 1096 2735 judicio,
1119 2653 1196 2733 quia

243 2760 320 2814 tunc
343 2753 445 2818 noluit
468 2777 487 2816 a
509 2766 638 2841 peccato
660 2753 818 2816 abstinere
840 2771 942 2836 quum
964 2749 1081 2835 potuit,
1101 2751 1196 2814 modo

243 2866 379 2937 nequeat
395 2854 551 2919 abstinere
563 2876 665 2939 quum
681 2853 767 2918 velit.
793 2854 833 2916 In
842 2876 880 2916 eo
892 2865 998 2916 tamen
1009 2850 1077 2914 solo
1090 2851 1196 2916 adbuc

243 2955 271 3017 ei
288 2954 423 3018 liberum
440 2957 525 3040 viget
541 2958 722 3037 arbitrium,
738 2968 774 3020 ut
791 2955 852 3020 sibi
867 2953 907 3018 ad
924 2976 1005 3039 opus
1019 2952 1195 3037 iniquitatis

243 3055 392 3134 sufficiat,
407 3059 466 3121 etsi
484 3059 525 3121 ad
547 3060 667 3123 bonum
689 3080 752 3120 nou
773 3057 870 3121 nisia
890 3054 995 3140 gratia
1013 3064 1196 3140 praeventus

241 3171 274 3220 et
306 3155 438 3242 adjutus
460 3171 616 3245 assurgat.
662 3160 713 3223 Sic
730 3160 892 3245 justitiam
913 3179 971 3241 per
987 3179 1019 3220 ae
1037 3155 1194 3232 deserens,

245 3255 415 3321 traductus
437 3260 537 3323 estin
559 3281 694 3344 regnum
717 3259 851 3345 peccati,
874 3268 905 3320 et
921 3256 1040 3331 mortis,
1058 3268 1094 3321 ut
1112 3256 1195 3342 jugo

246 3358 407 3423 servitutis
422 3383 549 3446 pressus
568 3361 750 3425 necessitati
773 3357 981 3444 delinquendi
995 3371 1027 3423 et
1041 3358 1195 3422 moriendi

247 3459 420 3544 subjaceat,
434 3466 581 3548 quamvis
596 3463 656 3526 hoc
678 3485 740 3526 non
761 3449 900 3526 fatorum
924 3460 1028 3536 series,
1045 3461 1101 3524 sed
1116 3484 1196 3547 prae-

246 3561 447 3628 varicationis
461 3565 611 3630 meritum
625 3564 819 3630 introducat.
864 3562 1013 3649 Alioquin
1034 3561 1195 3626 hominem

241 3663 329 3728 nulla
335 3665 463 3750 justitia
472 3667 706 3745 condemnabit,
714 3689 814 3752 quum
826 3665 922 3751 culpa
930 3666 1032 3730 nonin
1043 3687 1128 3742 eum,
1141 3664 1196 3728 sed

245 3766 278 3827 in
308 3767 408 3851 ipsius
431 3782 656 3855 retorqueatur
677 3782 850 3835 auctorem.
897 3767 1065 3832 Possibilia
1085 3771 1194 3853 itaque

242 3879 327 3949 sunt,
349 3892 422 3954 quae
444 3893 607 3956 nunquam
629 3872 741 3936 futura
763 3883 858 3935 sunt:
882 3892 957 3956 quoe
980 3870 1016 3948 si,
1032 3870 1109 3955 quia
1130 3891 1194 3932 non

241 3982 346 4049 erunt,
361 3975 486 4037 evenire
500 3997 564 4037 non
584 3987 722 4059 possent,
745 3993 947 4059 nequaquam
970 3972 1133 4055 possibilia
1148 3968 1195 4032 di-

242 4086 398 4137 cerentur.
455 4075 576 4141 Navale
606 4075 761 4160 siquidem
791 4075 911 4139 bellum
941 4074 1021 4150 fieri,
1053 4073 1192 4154 itemque

241 4194 302 4236 non
319 4175 387 4238 fieri
410 4176 557 4260 possibile
579 4189 637 4256 est,
652 4177 786 4241 alterum
809 4190 916 4240 tamen
938 4174 1069 4258 praecise
1093 4183 1124 4233 et
1139 4170 1194 4233 de-

242 4276 409 4342 terminate
426 4302 535 4343 verum
553 4291 600 4343 cst
618 4290 649 4342 et
666 4279 861 4362 praescitum.
