3309 5309
354 651 416 710 aet
623 663 760 706 solinus
777 660 1057 706 saansnnnrnnsrs
1178 641 1263 721 [ern.
1278 660 1308 704 v.

356 815 499 879 nondum
515 821 608 878 natus
624 816 676 888 sit,
693 816 785 900 cujus¹
804 835 929 892 aurum,
942 815 992 876 vel
1007 824 1172 894 argentum
1189 813 1222 875 in
1238 834 1308 874 mu·

356 939 418 980 nus
441 917 609 999 acceperit.
655 917 742 988 Quid
765 918 898 979 reseram
917 915 1106 989 Martinam,
1123 914 1178 997 qui
1199 926 1307 977 contra

354 1040 474 1082 morem
490 1040 510 1081 a
523 1019 685 1099 legatione
696 1018 823 1081 rediens
834 1038 965 1099 pauper,
977 1037 1078 1098 quum
1089 1019 1130 1078 ab
1142 1017 1306 1099 Episcopo

354 1118 540 1181 Florentino
563 1140 693 1202 equum,
715 1119 804 1181 socio
829 1119 1057 1194 necessarium,
1079 1139 1196 1199 magna
1221 1140 1306 1181 com-

353 1220 467 1300 pulsus
478 1220 642 1295 instantia,
652 1221 841 1303 accepisset,
852 1218 990 1281 eundem
1001 1219 1140 1282 restitnit
1152 1219 1307 1296 donatori,

356 1341 399 1382 ex
411 1342 476 1403 quo
489 1343 560 1385 eum
574 1320 615 1384 ab
627 1322 720 1383 initio
733 1320 798 1383 dati
810 1321 963 1395 muneris,
974 1340 1104 1382 causam
1116 1319 1149 1381 in
1162 1320 1307 1383 Romana

357 1423 499 1486 ecclesia
528 1422 743 1486 ventilandam
770 1422 919 1484 habuisse
948 1421 1104 1501 cognorit.
1154 1421 1251 1493 Quod
1277 1431 1308 1484 et

354 1524 484 1606 plenius
525 1525 558 1587 S.
599 1523 782 1587 Bernardus
823 1522 1069 1586 Clarevallensis
1107 1523 1219 1596 abbas,
1253 1522 1307 1605 qui

355 1645 429 1687 eum
458 1625 631 1709 perfectius
659 1634 801 1698 noverat,
833 1622 925 1685 refert
952 1623 986 1684 in
1015 1623 1098 1684 libro
1129 1622 1308 1699 doctrinali,

356 1726 509 1809 quemad
532 1727 563 1789 S.
585 1726 770 1807 Eugenium
786 1725 825 1786 de
847 1723 1120 1805 contemplatione
1135 1724 1186 1786 vel
1202 1723 1305 1786 consi-

354 1824 519 1888 deratione
552 1825 670 1887 scribit.
729 1825 839 1887 Taceo
875 1822 960 1906 qnod
996 1822 1190 1884 venerabilis
1219 1831 1307 1905 pater

355 1925 530 1987 Gansridus
560 1925 777 2002 Carnotensis,
802 1925 927 2005 legatus
956 1922 1151 2005 Aquitaniae,
1180 1923 1305 2011 provin-

354 2027 481 2090 cialium
498 2049 627 2090 munera
642 2048 707 2089 nnn
724 2023 855 2108 recepit,
869 2026 932 2088 nisi
946 2027 979 2087 in
995 2045 1092 2089 causa
1106 2027 1262 2089 esculenti
1277 2037 1306 2089 et

352 2129 528 2209 poculenti,
543 2141 575 2190 et
588 2128 651 2191 hoc
675 2149 749 2191 cnm
764 2148 889 2189 summa
902 2127 1105 2207 frugalitate3
1129 2126 1186 2190 sed
1202 2128 1307 2190 omnia

354 2247 426 2308 quae
449 2228 482 2289 in
507 2229 675 2290 xeniorum
703 2228 825 2291 ratione
853 2228 1080 2304 offerebantur,
1104 2240 1141 2291 nt
1171 2237 1307 2291 stercora

355 2330 592 2393 contemnebat.
638 2328 790 2390 Testatur
806 2340 935 2391 sanctus
950 2329 1205 2405 Clarevallensis,
1221 2327 1306 2412 qnod

353 2429 487 2509 piscem,
504 2450 599 2512 quern
615 2425 711 2511 vulgo
734 2429 908 2492 sturionem
923 2427 1044 2506 dicunt,
1060 2451 1079 2492 a
1094 2429 1212 2492 deroto
1227 2451 1305 2512 quo·

352 2529 427 2592 dam
442 2530 611 2611 legationis
626 2552 691 2593 suae
712 2530 830 2593 clerico
845 2530 941 2612 gratis
956 2531 1100 2613 accipere
1115 2514 1228 2606 n‘oluit,
1244 2551 1303 2592 nec

350 2641 425 2694 anto
450 2631 612 2714 acquievit
641 2632 802 2694 offerentis
828 2631 1035 2713 improbitati,
1060 2651 1157 2714 quam
1188 2630 1218 2692 ei
1246 2651 1303 2712 pro

350 2728 491 2794 admisso
507 2731 603 2793 xenio
619 2730 755 2814 pretium
771 2740 961 2792 numeraret.

351 2927 429 3008 Cap.
452 2928 501 2988 16.
525 2925 577 2988 De
591 2928 727 2989 crimine
741 2928 1008 3008 repetundarum,
1025 2947 1085 3009 quo
1102 2933 1258 2988 tenentur
1270 2932 1300 2986 et

390 3028 556 3106 presides,
570 3028 750 3109 etjudices,
764 3030 823 3107 qni
836 3028 966 3109 aliquid
988 3029 1116 3089 omrtiao
1133 3028 1300 3105 accipiunt

389 3136 527 3209 propter
540 3146 597 3190 eas
611 3149 672 3204 res,
686 3148 756 3207 quc
771 3128 834 3190 sihi
848 3137 924 3190 sant
939 3149 981 3190 ec
996 3126 1099 3210 officio
1112 3127 1300 3208 faciende:

390 3237 422 3291 et
438 3227 478 3290 de
494 3229 655 3305 Samuele,
671 3231 729 3310 qui
744 3230 834 3291 docet
847 3230 930 3312 jupe
949 3227 1147 3308 sacrificium
1167 3247 1234 3290 esse
1248 3229 1300 3290 de·

391 3328 462 3390 dere
482 3331 519 3391 in
540 3330 630 3393 ἅοηιο
642 3330 781 3412 judicis,
798 3353 868 3413 qtae
890 3332 1028 3411 seipsam
1052 3329 1215 3392 oblatione
1228 3329 1299 3412 jus·

392 3432 486 3504 titire,
502 3438 534 3491 et
551 3430 704 3493 honoram
721 3453 853 3510 operum
868 3431 995 3493 exhibet
1012 3432 1166 3510 templum
1184 3431 1258 3491 Dei.

392 3554 462 3616 San
492 3555 768 3618 crebrescentibus
798 3556 895 3633 vitiis,
925 3555 1020 3618 etiam
1049 3555 1082 3616 in
1114 3555 1199 3616 clero
1228 3565 1300 3617 sunt

345 3655 443 3717 hodie
474 3655 680 3717 continentiae
707 3666 803 3717 tantae
833 3656 981 3735 exempla
1006 3655 1175 3727 rarissima,
1203 3675 1299 3737 quum

347 3766 454 3817 tamen
479 3754 518 3815 de
535 3775 668 3817 censura
685 3756 808 3835 legum,
827 3777 951 3818 summa
966 3754 1166 3818 continentia
1186 3755 1300 3835 magis·

345 3851 479 3915 tratibus
503 3853 651 3912 omnibns
674 3853 714 3914 sit
735 3854 868 3917 indicta.
913 3852 1006 3916 Adeo
1027 3852 1171 3934 quidem,
1187 3860 1223 3915 ut
1244 3853 1300 3936 qui

346 3948 537 4014 ordinariam
549 3950 682 4027 gesserit
691 3962 892 4031 potestatem,
906 3950 1061 4037 quicquid
1074 3973 1116 4014 ex
1127 3963 1232 4015 vetere
1244 3952 1296 4015 de·

345 4051 514 4134 legationis
533 4050 625 4113 titulo
641 4052 864 4132 profligaverit,
880 4075 952 4118 cnm
975 4053 1148 4134 dispendio
1168 4052 1298 4135 pudoris

346 4169 441 4236 atque
464 4153 609 4227 fortunae,
632 4148 665 4211 id
692 4163 751 4225 est,
775 4153 905 4217 donoris
932 4165 1027 4237 atque
1055 4152 1231 4235 dignitatis,
1258 4152 1297 4216 de

345 4254 481 4336 propriis
497 4251 701 4315 facultatibus
723 4253 806 4316 intra
827 4255 1024 4336 provinciam
1042 4255 1169 4336 positus
1185 4255 1296 4317 inferre
