3309 5309
343 661 404 721 172
597 672 735 717 ioannis
750 671 1031 716 sanasnnmnnsrs
1141 652 1223 732 [nm.
1239 673 1293 717 111‘.

344 846 446 911 quum
462 845 558 908 agaso
577 846 640 887 non
660 825 779 900 tressis,
796 821 962 888 titulorum
979 821 1118 886 fascibus
1137 844 1295 908 purpura-

345 941 411 1003 tur,
426 938 458 989 et
473 947 535 988 non
552 924 619 988 sine
634 947 730 989 sanna
745 938 777 988 et
791 924 946 988 cachinno
960 924 1175 1001 audientium,
1192 927 1295 987 Dama

345 1027 458 1093 transit
473 1027 505 1090 in
522 1030 680 1091 Marcum.
724 1028 863 1091 Morcus
877 1029 986 1091 dioec:

678 1150 771 1221 Papael
791 1150 882 1202 Marco
891 1150 1035 1222 spondente
1047 1167 1152 1203 recusas

452 1238 567 1290 Credere
579 1241 607 1290 tu
617 1238 757 1288 nummos?
788 1237 880 1289 Marco
891 1237 940 1289 sub
947 1237 1036 1308 judice
1046 1237 1149 1308 palles?

454 1326 497 1378 lta
510 1329 558 1390 est,
571 1323 681 1391 adsigna
694 1322 785 1374 lllarce
796 1322 917 1374 tabellas.

347 1442 409 1505 Est
424 1440 553 1526 quidem
568 1436 710 1502 omnium
725 1436 884 1522 captanda
898 1436 1122 1514 benivolentia,
1138 1458 1214 1522 quae
1228 1435 1296 1499 fons

348 1558 396 1608 est
411 1541 569 1617 amicitiae,
585 1554 617 1604 et
638 1539 761 1625 primus
781 1537 923 1603 caritatis
942 1560 1130 1624 progressus
1150 1550 1218 1611 est;
1243 1537 1295 1627 sed

348 1644 513 1708 honestate
538 1641 700 1717 incolumi,
725 1638 900 1703 officiorum
926 1638 1052 1719 studiis,
1078 1639 1210 1703 virtutis
1236 1638 1295 1713 via,

348 1746 573 1832 obsequiorum
593 1745 713 1819 fructu,
738 1743 924 1828 integritate
946 1742 1107 1805 sermonis.
1151 1740 1247 1805 Adsit
1268 1752 1297 1803 et

350 1850 440 1926 fides,
466 1849 626 1913 dictorum
656 1846 773 1911 scilicet
797 1845 1022 1933 factorumque
1050 1844 1239 1920 constantia,
1268 1856 1298 1908 et

351 1950 476 2025 veritas,
492 1972 567 2035 quae
586 1948 761 2013 officiorum
781 1959 813 2012 et
832 1947 987 2011 bonorum
1008 1946 1150 2012 omnium
1166 1958 1216 2011 cst
1231 1946 1299 2010 fun-

351 2052 546 2116 damentum.
591 2051 735 2115 Gratiam
758 2051 927 2127 bonorum,
954 2049 1007 2115 sed
1034 2063 1067 2114 et
1096 2049 1251 2128 omnium,
1277 2046 1301 2110 si

352 2154 419 2217 fieri
435 2166 553 2238 posset,
566 2153 668 2218 virtus
683 2155 815 2239 appetit,
827 2153 882 2217 sed
897 2153 938 2217 ad
953 2175 1021 2216 eam
1037 2151 1231 2239 dedignatur
1246 2172 1300 2236 per

352 2256 461 2320 sordes
476 2256 633 2322 accedere.
678 2254 803 2319 Nobilis
823 2254 936 2341 utique
958 2278 1007 2320 res
1028 2268 1087 2332 est,
1104 2267 1134 2319 et
1153 2252 1300 2330 delicata,

353 2371 385 2423 et
415 2381 488 2443 quae
517 2380 622 2436 omne,
652 2356 739 2443 quod
770 2358 914 2434 dedecet,
944 2370 1143 2444 aspernatur.
1189 2355 1300 2420 Omnis

353 2460 448 2524 ctiam
471 2458 600 2544 species,
623 2483 696 2545 quae
718 2483 756 2524 ex
780 2461 883 2547 seipsa
903 2484 966 2525 uon
989 2461 1083 2541 lucet,
1104 2461 1133 2524 ei
1156 2472 1302 2545 suspecta

353 2573 410 2624 est.
457 2559 625 2646 Numquid
648 2560 748 2644 igitur
770 2562 934 2639 mentitur,
957 2577 993 2628 ut
1015 2560 1162 2648 placeat?
1201 2564 1302 2625 Num-

354 2661 431 2747 quid
447 2662 566 2727 bonum
588 2660 666 2726 dicit
688 2664 817 2739 malum,
833 2677 865 2728 et
881 2663 998 2728 malum
1020 2665 1163 2728 bonum?
1202 2666 1303 2728 Num-

353 2762 431 2849 quid
442 2763 591 2841 amicum,
601 2764 655 2850 qui
668 2787 780 2850 parum
794 2788 889 2829 sanus
899 2778 959 2843 est,
968 2765 1110 2850 instigat,
1121 2777 1156 2829 ut
1166 2763 1303 2849 amplius

353 2867 614 2932 iaciatinsanire?
629 2869 838 2953 Porroquum
848 2868 950 2932 omnis
958 2868 1128 2933 assentatio
1138 2867 1243 2953 turpis
1252 2866 1302 2943 sit,

355 2967 559 3053 perniciosior
567 2980 614 3032 est
624 2991 724 3054 quum
735 2969 774 3032 ad
787 2969 1026 3033 subornandum
1034 2968 1145 3032 vitium
1152 2988 1303 3053 personae,

356 3070 406 3134 vel
421 3083 555 3150 naturae,
570 3071 620 3134 vel
636 3070 801 3156 dignitatis
815 3069 936 3135 accedit
951 3070 1134 3134 auctoritas.
1180 3069 1303 3155 Nempe

356 3171 536 3259 philosophi
553 3170 716 3257 probabile
731 3171 854 3249 dicunt,
870 3171 957 3258 quod
974 3171 1121 3235 videatur
1135 3169 1186 3233 vel
1205 3169 1304 3233 omni-

356 3275 428 3351 bus,
455 3277 505 3338 vel
531 3272 690 3358 pluribus,
714 3285 769 3338 aut
795 3273 1051 3359 sapientioribus,
1076 3284 1133 3336 aut
1159 3271 1247 3358 quod
1273 3273 1305 3335 in

356 3369 485 3454 propria
498 3369 651 3433 facultate
662 3370 787 3434 artifici.
820 3371 852 3434 si
864 3393 940 3457 ergo
951 3370 1137 3456 sapientiam
1149 3370 1305 3455 cujusque

358 3471 452 3532 Plato
473 3470 683 3548 commendet,
703 3489 760 3537 aut
784 3475 937 3547 Socrates,
960 3471 1151 3536 Aristoteles
1173 3491 1304 3534 acumen

357 3570 485 3654 ingenii,
498 3571 610 3636 Cicero
624 3571 749 3637 dicendi
764 3574 899 3660 copiam,
911 3572 1148 3638 Mathematicae
1163 3572 1307 3636 studium

359 3670 571 3755 Pythagoras,
585 3685 758 3736 metrorum
775 3674 942 3739 varietates
963 3672 1108 3752 Flaccus,
1124 3673 1210 3736 Naso
1229 3671 1305 3734 levi·

359 3785 456 3837 tatem
484 3773 703 3849 versificandi;
735 3774 849 3860 quidni
878 3776 1010 3839 credat?
1048 3774 1195 3839 Subeunt
1224 3773 1305 3837 euim

357 3873 452 3939 citius
466 3888 496 3940 et
512 3875 628 3940 fortius
644 3876 785 3960 singulos
800 3878 941 3942 fomenta
956 3877 1119 3955 vitiorum,

849 3997 951 4064 magnis

534 4079 623 4141 Quum
636 4079 747 4131 subeunt
758 4083 858 4134 animos
870 4082 1024 4135 auctoribus.

361 4186 423 4250 His
446 4197 550 4249 tamen
574 4181 623 4246 sui
645 4206 774 4269 compos
798 4186 922 4251 animus
944 4208 1006 4248 non
1029 4184 1203 4261 seducitur,
1226 4195 1306 4247 certe

361 4285 435 4372 quia
450 4309 541 4349 nemo
556 4286 656 4363 novit,
672 4286 751 4370 quid
769 4289 809 4353 sit
826 4290 856 4353 in
875 4289 1011 4366 bomine,
1028 4300 1145 4374 proeter
1161 4286 1302 4373 spiritum
