3309 5309
384 692 447 750 262
655 700 794 746 ioannis
809 700 1092 758 saansamunnsrs
1206 684 1288 763 [ma.
1304 706 1338 748 v.

377 858 456 940 jano
476 852 617 917 Salutem
638 851 726 916 dicit.
773 850 967 915 Modestiam
988 862 1076 915 tuam
1098 874 1249 918 noveram
1272 876 1334 918 non

382 969 532 1042 appetere
558 953 784 1040 principatum,
807 975 904 1040 quem
931 965 1037 1017 tamen
1064 977 1188 1041 semper
1214 978 1336 1021 morum

382 1057 539 1142 elegantia
563 1054 676 1118 mereri
701 1053 864 1120 studuisti.
910 1055 982 1131 Quo
1003 1055 1134 1141 quidem
1153 1069 1246 1121 tanto
1270 1057 1338 1142 dig-

383 1159 452 1221 nior
473 1157 642 1243 judicaris,
666 1168 789 1242 quanto
814 1178 833 1218 a
858 1154 990 1220 crimine
1015 1156 1199 1222 ambitionis
1226 1158 1337 1224 videris

382 1282 452 1325 esse
477 1257 637 1322 remotior.
685 1258 770 1320 Tuae
793 1257 904 1343 itaque
927 1256 1040 1323 virtuti
1064 1260 1281 1344 congratulor,
1306 1271 1337 1323 et

382 1363 522 1427 fortunae
544 1381 635 1436 mere,
656 1359 682 1423 si
704 1370 811 1424 tamen
838 1370 923 1422 recte
946 1359 1091 1444 gesseris,
1115 1383 1223 1447 quern
1241 1363 1336 1447 probe

383 1464 538 1529 meruisti.
585 1462 739 1548 Alioquin
754 1473 787 1526 te
802 1461 965 1547 perieulis,
979 1473 1013 1525 et
1029 1484 1079 1525 me
1101 1461 1335 1529 detrahentium

383 1567 502 1651 linguis
518 1565 698 1650 subjectum
721 1563 761 1627 iri
784 1586 847 1627 non
868 1562 991 1640 dubito,
1007 1585 1107 1648 quum
1126 1576 1159 1627 et
1180 1564 1335 1650 ignaviam

385 1671 618 1754 Imperatorum
649 1669 753 1730 Roma
782 1686 846 1728 non
876 1664 971 1741 ferat,
993 1676 1026 1729 et
1057 1687 1174 1735 sermo,
1190 1666 1336 1751 publicus

385 1770 501 1837 delicta
516 1769 747 1854 discipulorum
764 1766 934 1830 refundere
957 1766 1056 1830 soleat
1070 1767 1104 1831 in
1119 1780 1337 1854 praeceptores.

385 1871 437 1937 Sic
454 1872 572 1933 Seneca
588 1866 723 1931 Neronis
739 1865 788 1931 sui
809 1868 923 1930 merito
942 1865 1181 1930 detrahentium
1200 1867 1338 1954 carpitur

384 1971 513 2056 linguis,
535 1968 782 2035 adolescentium
807 1990 940 2033 suorum
963 1971 1126 2034 temeritas
1140 1969 1174 2032 in
1191 1969 1336 2047 Quintili-

383 2095 480 2139 anum
495 2070 687 2148 refunditur,
703 2086 735 2135 et
753 2072 898 2135 Socrates
913 2070 944 2134 in
961 2070 1120 2157 pupillum
1133 2094 1230 2136 suum
1242 2075 1336 2137 fuisse

384 2172 566 2237 clementior
595 2171 792 2236 criminatur.
838 2174 890 2236 Tu
917 2194 993 2236 vero
1014 2171 1144 2258 quidvis
1166 2171 1337 2238 rectissime

383 2294 484 2358 geres,
501 2273 527 2334 si
544 2294 606 2334 non
619 2273 786 2336 recesseris
800 2295 820 2335 a
836 2285 868 2336 te
882 2274 963 2358 ipso.
1009 2275 1041 2338 Si
1057 2274 1198 2358 primum
1211 2286 1242 2338 te
1258 2296 1338 2338 oom-

386 2375 538 2460 posueris,
550 2374 575 2436 si
590 2386 642 2437 tua
652 2374 759 2436 omnia
768 2373 961 2458 disposueris
970 2375 1009 2439 ad
1018 2374 1273 2455 virtutem,recte
1284 2375 1338 2441 tibi

384 2474 556 2562 procedent
573 2474 729 2538 universa.
775 2475 918 2540 Politicae
933 2476 1169 2542 constitutionis
1184 2477 1337 2563 majorum

385 2577 467 2641 vires
493 2576 552 2640 tibi
581 2576 733 2659 expressi,
757 2576 809 2640 cui
836 2576 862 2639 si
892 2577 1102 2664 obtemperas,
1129 2577 1335 2643 Plutarchum

385 2679 512 2743 vivendi
523 2678 797 2743 habesauctorem.
815 2677 1337 2772 Alioquinproesentemepistolam

385 2794 495 2846 testem
519 2782 643 2857 invoco,
667 2780 745 2866 quia
767 2777 797 2844 in
821 2780 993 2867 perniciem
1014 2781 1138 2869 imperii
1153 2805 1217 2848 non
1232 2783 1337 2871 pergis

385 2893 515 2945 auctore
535 2880 716 2944 Plutarcho.

388 3139 467 3221 Cap.
475 3144 504 3201 2.
515 3136 601 3213 Quid
609 3134 799 3219 Respublica
805 3136 985 3200 secandam
991 3137 1340 3227 Plutarchum,etqaid

439 3239 538 3302 vicem
552 3241 674 3301 anime
688 3239 724 3299 in
741 3236 810 3319 ipso
826 3239 975 3318 obtineat,
991 3245 1052 3302 out
1065 3242 1281 3333 membrorum.

430 3362 638 3439 Ssuuuurna
647 3368 786 3455 ejusdem
798 3369 936 3455 politicoe
945 3371 1338 3459 constitutioniscapitula,

386 3471 418 3532 in
435 3468 614 3555 libelloqui
630 3469 827 3550 inscribitur,
844 3472 1011 3536 Institutio
1032 3473 1178 3559 Trajani,
1194 3496 1268 3560 quae
1283 3497 1340 3561 pro

386 3581 475 3655 parte
490 3570 639 3654 prasenti
655 3568 811 3653 opusculo
826 3570 936 3634 curavi
952 3571 1099 3649 inserere,
1115 3570 1165 3638 ita
1175 3570 1292 3652 tamen',
1304 3574 1338 3640 u't

388 3670 615 3732 sententiarum
638 3669 772 3754 vestigia
794 3669 903 3755 potius
924 3670 1077 3748 imitarer,
1108 3672 1206 3758 quam
1220 3670 1340 3761 ‘passus

386 3769 567 3833 verborum.
612 3774 673 3834 Est
695 3793 772 3855 ergo
793 3770 934 3858 primum
956 3773 1110 3855 omnium,
1140 3787 1177 3839 ut
1196 3775 1339 3862 princeps

385 3892 417 3933 se
430 3880 533 3932 totum
546 3870 705 3944 metiatur,
717 3884 749 3933 et
761 3871 849 3956 quod
862 3872 893 3935 in
904 3884 974 3936 toto
984 3896 1114 3959 corpore
1127 3875 1336 3962 Reipublicae,

383 3971 475 4056 cujus
498 3973 566 4033 vice
587 3970 727 4045 fruatur,
750 3972 921 4058 diligenter
942 3973 1099 4040 advertat.
1139 3974 1209 4041 'Est
1231 3993 1336 4043 autem

385 4069 587 4155 Respublica,
603 4069 684 4132 sicut
700 4069 876 4136 Plutarcho
897 4076 1014 4160 placet,
1030 4080 1146 4159 corpus
1166 4078 1336 4162 quoddam,

384 4173 471 4260 quod
495 4170 594 4235 divini
618 4171 757 4234 muneris
779 4172 934 4239 beneficio
956 4175 1127 4254 animatur,
1150 4193 1183 4244 et
1206 4203 1334 4247 summae

385 4273 544 4363 aequitatis
559 4273 666 4358 agitur
682 4286 775 4354 nutu,
791 4288 823 4338 et
835 4275 956 4361 regilur
971 4276 1110 4362 quodam
1126 4279 1336 4347 moderamine
