3309 5309
346 656 416 701 car.
433 635 496 714 xa]
698 650 950 696 roircaarrcus.
1237 638 1300 695 309

342 805 487 892 judicem
503 815 628 890 oportet
644 825 709 865 esse
725 802 1007 888 religiosissimum,
1023 803 1121 887 etqui
1136 825 1227 866 omne
1243 803 1303 865 ini-

347 931 447 995 quum
462 917 563 971 morte
587 908 657 992 ipsa
678 907 781 988 magis
801 906 913 970 oderit
958 906 1043 979 Quia
1058 927 1132 988 ergo
1147 907 1300 989 praesides

346 1010 538 1074 ordinariam
560 1009 681 1073 habent
700 1008 968 1093 jurisdictionem,
993 1010 1043 1071 vel
1064 1008 1147 1092 juris
1170 1008 1299 1071 dicendi

346 1121 546 1196 potestatem,
562 1109 705 1194 ipsorum
721 1122 752 1174 et
761 1110 911 1194 judicum
928 1110 1062 1172 aliorum
1078 1131 1142 1172 una
1164 1118 1213 1173 est
1226 1131 1300 1192 spe·

347 1215 478 1291 culatio,
493 1222 524 1275 et
540 1211 626 1297 quod
642 1213 682 1275 de
697 1212 748 1274 his
763 1211 890 1288 dicitur,
905 1211 1001 1274 facile
1017 1212 1057 1274 ad
1073 1213 1207 1275 aliorum
1223 1233 1299 1275 con·

348 1314 548 1400 sequentiam
574 1313 714 1378 trahitur.
761 1315 823 1376 Est
848 1313 956 1397 itaque
980 1314 1117 1396 primum
1143 1311 1229 1398 quod
1256 1336 1300 1378 ex

347 1416 540 1480 necessitate
571 1415 668 1477 officii
698 1416 840 1498 utrisque
869 1412 1030 1490 indicitur,
1053 1423 1088 1476 ut
1106 1413 1242 1496 justitiae
1264 1415 1300 1477 in

348 1517 498 1581 omnibus
512 1527 669 1600 pareatur,
684 1527 716 1580 et
736 1516 815 1579 nihil
831 1536 939 1578 eorum
962 1536 1033 1598 quae
1056 1515 1201 1578 facienda
1216 1526 1302 1595 sunt,

348 1617 469 1682 fiatad
494 1618 643 1701 pretium.
690 1618 775 1680 Nam
799 1615 888 1700 quod
916 1614 1071 1698 injustum
1102 1625 1161 1688 est,
1184 1638 1301 1700 usque·

349 1742 476 1807 quaque
502 1742 568 1783 non
595 1721 681 1799 licet,
707 1731 743 1782 ut
767 1740 827 1783 nec
858 1739 916 1802 pro
946 1717 1113 1799 temporali
1142 1717 1207 1779 vita
1232 1716 1302 1780 fieri

348 1825 454 1888 liceat.
501 1821 596 1894 Quod
618 1844 692 1885 vero
713 1822 836 1907 justum
860 1830 919 1896 est,
941 1818 1098 1882 mercedis
1123 1820 1302 1882 interventu

348 1948 412 1989 non
433 1923 568 2007 indiget,
583 1947 679 2011 quum
691 1946 750 2009 per
764 1945 797 1987 se
809 1923 879 1986 fieri
899 1922 1025 2000 debeat,
1040 1932 1071 1985 et
1090 1921 1239 2005 iniquum
1259 1923 1301 1984 sit

349 2028 485 2092 vendere
507 2027 594 2111 quod
614 2026 759 2090 debetur.
804 2027 825 2088 J
828 2024 967 2088 ustitiam
988 2045 1063 2106 ergo
1084 2023 1221 2087 vendere
1241 2023 1302 2086 ini-

350 2129 455 2214 quitas
477 2138 545 2205 est,
572 2128 771 2212 injustitiam,
792 2129 903 2212 iniqua
924 2128 1060 2191 insania.
1099 2128 1182 2190 Haec
1206 2127 1304 2211 siqui-

352 2229 424 2292 dem
446 2229 566 2313 ubique
585 2230 755 2314 reprobata
773 2239 832 2305 est,
853 2240 889 2294 ut
910 2250 1068 2312 nusquam
1084 2249 1154 2291 esse
1175 2227 1304 2305 debeat,

351 2333 407 2397 illa
435 2333 555 2415 ubique
585 2333 693 2414 debita
718 2342 778 2409 est,
803 2343 840 2397 ut
869 2333 939 2396 sine
969 2335 1089 2397 scelere
1115 2333 1211 2396 vendi
1236 2353 1303 2396 non

353 2437 463 2518 possit.
509 2437 624 2521 Neque
650 2437 736 2500 enim
763 2439 895 2500 Balaam
917 2459 958 2500 ex
982 2459 1020 2499 eo
1041 2437 1198 2518 culpatur,
1217 2436 1305 2521 quod

350 2539 462 2624 populi
478 2539 542 2603 Dei
568 2562 697 2603 causam
728 2538 998 2614 condemnaverit,
1024 2537 1150 2599 aliudve
1175 2538 1305 2616 dixerit,

352 2663 445 2725 quam
468 2641 556 2726 quod
581 2641 742 2702 Dominus
769 2639 957 2721 inspirabat,
982 2636 1037 2699 sed
1069 2637 1145 2719 quia
1174 2638 1305 2701 avaritia

351 2755 534 2808 excaecatus
549 2753 607 2817 est,
622 2739 799 2802 infidelium
816 2759 947 2802 causam
962 2739 1124 2800 instruens
1140 2738 1303 2821 quomodo

351 2845 392 2910 ad
416 2841 654 2928 provocandum
680 2841 758 2902 iram
786 2839 850 2903 Dei
877 2839 1078 2923 delinqueret
1102 2840 1213 2915 lsrael,
1237 2840 1306 2905 dic-

350 2957 439 3010 tante
466 2942 588 3004 malitia
613 2941 802 3022 procuravit.
851 2940 1021 3012 Quaerebat
1045 2960 1119 3020 ergo
1144 2941 1304 3022 quomodo

345 3046 433 3130 juste
451 3042 640 3127 justificaret
660 3062 790 3104 causam
813 3042 917 3124 impii,
933 3052 966 3104 et
988 3041 1080 3124 quasi
1102 3041 1195 3103 illuso
1218 3042 1304 3118 Deo,

350 3146 482 3229 gratiam
499 3143 566 3228 ejus
582 3141 779 3207 subtraheret
794 3144 915 3206 electis.
960 3145 1026 3205 Aut
1046 3143 1073 3205 si
1088 3141 1219 3206 adversa
1231 3143 1302 3227 jus·

350 3247 467 3314 tificari
482 3267 546 3310 non
561 3258 671 3330 posset
691 3266 798 3324 causa,
812 3247 874 3309 hoc
892 3247 1004 3308 saltem
1021 3247 1148 3327 agebat,
1164 3256 1245 3309 utet
1261 3247 1301 3310 ab

351 3351 413 3413 ista
430 3347 595 3412 recederet
617 3349 715 3410 Deus.
762 3338 1063 3430 Compugnantibus
1082 3367 1224 3429 namque
1241 3347 1303 3410 ini-

353 3453 433 3536 quis,
455 3450 583 3514 vincere
607 3448 656 3531 (ut
678 3448 805 3529 dicitur)
829 3450 1008 3526 consuevit,
1029 3448 1086 3531 qui
1108 3449 1229 3513 viribus
1250 3472 1302 3514 su·

353 3553 456 3637 perior
486 3561 542 3614 est.
598 3549 794 3614 Balaamitas
822 3548 933 3612 videas
958 3549 1123 3632 plurimos,
1148 3552 1202 3634 qui
1228 3552 1306 3616 licet

352 3656 493 3739 iniquam
508 3655 614 3717 nolint
631 3655 711 3717 ferre
729 3653 929 3726 sententiam,
947 3653 1087 3736 corrupti
1107 3661 1213 3716 tamen
1234 3677 1304 3720 mu·

354 3758 492 3834 neribus,
501 3755 660 3840 justitiam
676 3755 774 3838 partis
792 3755 898 3828 unius,
914 3753 948 3816 in
963 3755 1093 3817 alteram
1109 3757 1221 3839 quavis
1236 3768 1303 3824 arte

354 3859 519 3923 transferre
535 3858 715 3921 moliuntur.
762 3857 838 3918 Non
860 3856 955 3919 facile
977 3855 1116 3919 dixerim
1137 3869 1240 3923 utrum
1263 3863 1304 3925 sit

353 3959 498 4043 nequius,
516 3959 594 4021 licet
612 3957 757 4021 venditor
780 3956 950 4041 aequitatis,
973 3957 1128 4020 malitiam
1150 3959 1225 4023 fuco
1246 3963 1302 4024 lal-

352 4059 463 4122 laciori
491 4058 621 4121 coloret.
672 4059 782 4122 Potest
810 4068 916 4122 tamen
947 4058 1047 4121 videri
1074 4060 1218 4140 nequior,
1248 4061 1304 4142 qui

354 4159 450 4222 officii
466 4161 513 4222 sui
531 4160 711 4244 principem
732 4171 763 4224 et
781 4162 934 4243 reginam,
956 4162 1009 4223 cui
1029 4159 1110 4222 fides
1126 4159 1305 4238 famulatur,

354 4261 445 4344 quasi
459 4281 596 4326 mercem
620 4260 654 4324 in
670 4261 738 4325 foro
760 4262 917 4333 distrahit,
933 4283 971 4325 ac
990 4262 1017 4323 si
1034 4280 1140 4322 servus
1163 4259 1304 4324 infidelis
