3309 5309
484 667 543 724 180
731 675 867 720 scaurus
882 655 1161 718 sanesbnarausrs
1282 655 1363 734 [mn.
1381 671 1433 714 111.

482 831 531 895 sui
553 831 683 906 oblitus,
704 848 876 911 personam
898 825 1050 908 exprimit
1072 824 1219 888 alienam.
1265 823 1333 887 Sed
1356 824 1435 885 sorte

481 953 520 995 eo
546 930 710 1013 Prophetae
733 927 837 990 tendit
859 926 1035 999 oraculum,
1052 934 1087 987 ut
1108 946 1164 987 eos
1186 945 1270 1008 quos
1292 924 1436 986 nondum

481 1041 563 1092 terra
588 1027 762 1101 absorbuit,
789 1024 905 1088 doceat
929 1024 1048 1107 jugiter
1077 1025 1221 1086 militare.
1268 1023 1353 1086 Nam
1383 1023 1436 1105 qui

480 1131 597 1212 captivi
618 1129 764 1191 vitiorum
783 1128 925 1209 impulsu
950 1126 1114 1188 trahuntur
1135 1125 1177 1187 ad
1197 1147 1341 1208 poenam,
1356 1124 1436 1186 sieut

480 1233 540 1294 bos
550 1229 764 1292 immolandus
776 1228 818 1290 ad
831 1227 1001 1304 victimam,
1013 1228 1165 1289 abeuntes
1175 1237 1249 1308 post
1265 1225 1434 1308 concupis·

481 1332 604 1396 centias
620 1351 704 1404 suae,
720 1331 778 1393 etsi
795 1350 927 1412 corpore
950 1327 1117 1391 videantur
1132 1329 1312 1391 inhabitare
1327 1348 1432 1410 super·

481 1433 585 1497 ficiem
601 1443 702 1509 terrae,
718 1431 782 1493 vivi
803 1441 908 1494 tamen
925 1431 1066 1512 absorpti
1087 1442 1171 1506 sunt,
1184 1439 1217 1491 et
1236 1428 1435 1492 descendunt

480 1535 514 1597 i'u
529 1534 686 1596 infernum
702 1534 853 1596 viventes.
883 1532 938 1606 Et,
950 1532 977 1592 si
993 1532 1089 1592 alium
1105 1530 1257 1592 orationis
1272 1530 1434 1613 sequimur

480 1647 618 1718 tropum,
632 1645 746 1698 terram
760 1653 990 1716 usquequaque
1001 1632 1193 1704 inhabitant,
1209 1652 1345 1714 quorum
1362 1652 1435 1694 con·

482 1737 617 1799 versatio
637 1736 671 1797 in
687 1736 777 1798 coelis
798 1744 848 1797 est
864 1729 1005 1808 minime,
1022 1754 1081 1795 nec
1103 1733 1166 1794 sibi
1186 1733 1294 1796 sciunt
1313 1731 1434 1815 aliquid

481 1839 515 1901 in
536 1840 620 1900 coelo
643 1859 724 1915 esse,
745 1851 777 1899 et
798 1835 832 1898 id
855 1835 1011 1897 duntaxat
1034 1836 1185 1898 affectant
1207 1834 1328 1910 anime,
1350 1833 1434 1917 quod

482 1940 622 2002 cernitur
636 1958 730 2021 super
745 1946 868 1999 terram.
904 1936 966 1998 His
980 1957 1108 2020 quoque
1124 1936 1239 1998 militia
1248 1934 1338 2018 jugis
1353 1934 1434 1997 indi-

482 2040 575 2115 citur,
590 2039 717 2121 quibus‚
730 2050 765 2100 ut
779 2037 820 2099 ad
837 2038 960 2100 subulas
977 2037 1154 2114 redeamus,
1169 2058 1229 2100 nec
1245 2035 1335 2099 unda
1349 2038 1434 2099 Tan·

481 2140 549 2215 tali,
564 2139 650 2220 Tytii
672 2141 785 2214 vultur,
800 2149 870 2201 rota
891 2139 1027 2217 Ixionis,
1042 2136 1192 2202 Belidum
1215 2161 1306 2218 uma,
1322 2160 1434 2202 saxum

483 2241 616 2323 Sisyphi
631 2239 730 2316 deest,
746 2241 822 2302 dum
840 2243 987 2305 voluntas
1002 2242 1122 2305 mundo
1140 2243 1308 2324 implicita,
1323 2243 1434 2325 nequit

482 2341 614 2422 implere
626 2341 835 2423 propositum,
850 2343 1003 2425 quamdiu
1014 2345 1231 2426 peregrinatur
1246 2366 1267 2407 a
1282 2346 1431 2407 Domino.

483 2442 622 2503 istorum
648 2439 712 2502 vita
735 2441 859 2519 militia,
881 2452 913 2503 et
938 2453 1022 2506 certe
1045 2444 1165 2507 malitia
1186 2456 1243 2507 est.
1290 2445 1387 2518 Quod
1408 2444 1435 2506 si

482 2542 645 2618 abhorres,
675 2542 738 2605 alia
766 2542 1027 2625 interpretatione
1057 2545 1235 2623 doceberis,
1265 2546 1345 2629 quia
1374 2545 1435 2607 vita

481 2641 619 2704 hominis
642 2651 865 2722 superterram
887 2644 1020 2705 tentatio
1043 2656 1108 2706 est:
1139 2666 1221 2728 quae,
1245 2648 1274 2707 si
1295 2645 1436 2727 proprie·

481 2753 579 2805 tatem
588 2742 730 2803 nominis
740 2743 912 2824 sequimur,
923 2745 996 2805 mali
1008 2746 1202 2828 frequentius
1212 2746 1435 2808 habetnotam.

482 2845 521 2905 In
536 2843 596 2904 hac
613 2843 723 2925 utique
738 2844 924 2920 tentatione,
938 2844 985 2907 vel
1001 2845 1132 2922 malitia,
1146 2846 1221 2909 licet
1236 2846 1299 2908 sibi
1314 2855 1434 2930 septem

481 2944 582 3006 mittia
591 2945 725 3006 virorum
736 2944 896 3006 Dominus
905 2946 1120 3022 reservaverit,
1129 2946 1193 3008 fere
1202 2956 1289 3009 totus
1299 2947 1435 3012 muudus

481 3067 523 3107 ex
538 3045 655 3108 Arbitri
671 3044 771 3106 nostri
783 3047 941 3107 sententia
955 3046 1088 3108 mimum
1103 3047 1228 3110 videtur
1241 3049 1384 3131 implere,
1394 3049 1435 3112 ad

482 3145 682 3209 Comoediam
706 3165 795 3207 suam
820 3143 1057 3227 quodammodo
1079 3147 1266 3230 respiciens,
1282 3158 1325 3221 et,
1349 3147 1433 3231 quod

482 3245 622 3308 deterius
644 3257 702 3318 est,
719 3265 757 3306 eo
773 3265 874 3327 usque
890 3243 1067 3308 Comoediae
1083 3268 1149 3310 suae
1170 3248 1336 3327 insistunt,
1350 3249 1432 3313 utin

481 3365 516 3407 se
532 3365 629 3426 quum
647 3365 729 3427 opus
744 3345 848 3422 suerit,
862 3344 965 3408 redire
979 3367 1044 3408 non
1056 3348 1190 3430 possint.
1227 3349 1304 3412 Vidi
1318 3371 1434 3434 pueros

482 3454 545 3506 tarn
558 3443 615 3506 diu
626 3446 870 3507 balbutientium
883 3446 961 3510 vitia
972 3447 1099 3525 imitari,
1110 3459 1146 3510 ut
1156 3451 1362 3533 postmodum
1372 3471 1432 3514 nec

480 3565 582 3627 quum
597 3545 725 3623 vellent,
736 3558 822 3610 recte
835 3547 924 3629 loqui
936 3549 1106 3629 potuerint.
1134 3551 1224 3613 Usus
1234 3551 1333 3626 enim,
1345 3562 1380 3615 ut
1391 3553 1434 3617 ait

482 3644 623 3726 quidam,
639 3668 722 3727 aegre
744 3646 930 3724 dediscitur,
945 3658 977 3710 et
992 3650 1192 3714 consuetudo
1210 3653 1302 3715 alteri
1315 3665 1434 3717 naturae
1461 3718 1465 3729 ,

479 3745 609 3820 assistit,
624 3766 720 3827 quam
736 3746 814 3809 licet

584 3849 710 3920 Expellas
720 3847 800 3915 furca,
813 3857 901 3905 tamen
912 3871 993 3922 usque
1005 3860 1127 3921 recurret,

479 3944 575 4008 Unde
587 3955 620 4007 et
630 3945 767 4007 Ethicus
776 3949 911 4028 provide
922 3951 1053 4032 quidem
1063 3963 1096 4013 et
1105 3952 1239 4018 utiliterz
1261 3956 1432 4038 Optimam,

478 4046 593 4129 inquit,
607 4043 736 4108 vivendi
752 4050 1017 4113 consuetudinem
1032 4053 1073 4114 ab
1087 4052 1220 4117 ineunte
1235 4068 1330 4120 aetate
1344 4060 1433 4140 elige,

477 4170 547 4212 eam
565 4148 621 4211 tibi
632 4147 810 4233 jucundam
828 4170 904 4211 usus
920 4153 1046 4215 efficiet.
1084 4142 1282 4235 Magnorum
1297 4157 1430 4241 proinde

476 4251 611 4312 virorum
635 4270 758 4326 sensus,
781 4253 943 4316 saecularis
965 4253 1036 4316 haec
1062 4267 1230 4338 expugnat
1253 4258 1430 4324 Comoedia.
