3309 5309
735 673 873 717 off.
906 654 1030 734 v1.]
1430 673 1939 723 PoLYcRArmus.
2509 674 2637 733 283

734 835 795 887 et
829 821 1038 887 virum
1069 843 1326 906 gravem
1370 824 1551 890 decet
1580 829 1844 894 consilia
1886 829 2193 907 meditari,
2227 845 2298 898 ut
2330 834 2640 922 quicquid

733 924 890 1009 agit,
936 923 1249 1010 quicquid
1292 924 1600 1011 loquitur,
1632 928 1713 993 sit
1746 953 1863 1016 pro
1903 931 2162 997 consilio
2204 933 2444 1000 homini
2475 939 2640 1022 sapi-

730 1025 966 1091 entiam
1027 1025 1368 1094 affectanti.
1477 1030 1600 1094 Est
1659 1043 1873 1096 autem
1934 1032 2062 1098 oris
2117 1034 2471 1102 circumcisi
2529 1038 2643 1104 illa

729 1126 1038 1212 proferre,
1084 1127 1321 1211 quibus
1363 1127 1523 1192 nihil
1567 1129 1752 1194 liceat
1797 1131 1968 1196 demi
2013 1132 2115 1196 vel
2157 1135 2411 1220 apponi.
2513 1138 2636 1203 Est

729 1240 945 1292 autem
991 1227 1128 1292 viro
1174 1228 1351 1310 gravi
1397 1229 1859 1315 turpissimum,
1903 1231 1958 1295 ‘si
1992 1232 2242 1316 jugiter
2286 1258 2352 1299 se
2393 1235 2635 1302 fabulis

727 1343 791 1395 et
830 1329 1020 1415 nugis
1060 1329 1430 1410 immisceat,
1459 1342 1524 1395 et
1554 1331 1721 1396 inter
1749 1336 2221 1416 congarrientes
2250 1349 2631 1425 perstrepat,

726 1431 926 1497 veluti
984 1431 1247 1496 rabulus
1288 1453 1472 1496 anser
1514 1432 1841 1499 admixtus
1897 1433 2201 1518 oloribuS,
2259 1451 2323 1503 et
2379 1463 2629 1507 omnem

723 1534 1055 1598 materiam
1099 1535 1315 1599 credat
1344 1546 1559 1619 aptam
1590 1558 1726 1599 esse
1756 1534 1999 1622 litigiis.

931 1665 1238 1734 Ambigitur
1261 1666 1386 1735 quid
1410 1668 1552 1719 enim
1577 1666 1768 1720 Castor
1791 1669 1939 1733 sciat,
1963 1685 2032 1720 an
2055 1668 2237 1722 docilis
2260 1669 2395 1742 plus,

935 1752 1293 1807 Brundusium
1317 1753 1533 1807 Numici
1556 1753 1743 1806 melius
1765 1755 1852 1808 via
1875 1754 2047 1819 ducat,
2073 1772 2142 1809 an
2165 1755 2334 1828 Appi.

726 1891 1047 1954 Praeterea
1090 1911 1236 1975 quae
1296 1886 1650 1965 abundant,
1698 1891 1796 1954 sui
1856 1889 2229 1975 copiositate
2289 1889 2622 1968 vilescunt,

719 2003 783 2055 et
815 2013 957 2056 cum
1002 1988 1412 2074 multiloquio
1453 2000 1787 2076 peccatum
1830 2013 1956 2054 non
2001 1991 2191 2070 desit,
2236 2014 2441 2078 pauca
2469 2016 2623 2080 pru-

721 2094 946 2158 denter
973 2091 1295 2178 loquentis
1326 2114 1529 2156 sermo
1558 2103 1653 2156 est
1683 2091 2015 2179 pretiosus,
2106 2094 2302 2158 Unde
2335 2096 2626 2162 Socrates

719 2195 1035 2280 quaerenti
1058 2215 1190 2277 quo
1218 2191 1409 2257 modo
1432 2192 1577 2278 quis
1599 2193 1832 2258 famam
1868 2193 2173 2278 optimam
2192 2208 2619 2282 compararet;

721 2293 790 2359 Si
814 2294 1101 2380 gesserit,
1132 2293 1366 2377 inquit,
1397 2293 1661 2379 optima,
1694 2307 1758 2359 et
1801 2294 2114 2381 loquutus
2155 2296 2352 2362 fuerit
2396 2320 2621 2385 pauca.

717 2398 865 2460 Hoc
893 2407 987 2461 est
1017 2394 1194 2482 quod
1224 2394 1322 2460 vir
1341 2395 1582 2482 justuS‚
1612 2408 1678 2461 et
1721 2395 1963 2461 veritus
1994 2397 2361 2485 delinquere
2396 2399 2463 2465 in
2494 2423 2621 2465 ser-

714 2518 920 2570 mone,
957 2496 1111 2561 dicit
1159 2495 1426 2561 stillasse
1467 2495 1796 2583 eloquium
1840 2519 2045 2561 suum.
2138 2499 2264 2575 Qui
2295 2502 2460 2563 enim
2491 2522 2618 2565 non

713 2596 1029 2683 delinquit
1059 2598 1122 2662 in
1164 2598 1381 2674 verbo,
1414 2596 1517 2659 hic
1557 2595 1881 2680 perfectus
1909 2607 2005 2659 est
2049 2597 2172 2660 vir.
2261 2596 2329 2662 Si
2360 2600 2622 2682 quando

710 2699 998 2765 ridebam
1027 2699 1110 2764 ad
1141 2722 1269 2774 eoS,
1301 2720 1428 2761 non
1459 2696 1822 2761 credebant.
1913 2696 2111 2762 Risus
2150 2696 2428 2763 levitatis
2457 2700 2622 2764 indi-

707 2803 900 2878 cium,
932 2815 996 2866 et
1035 2824 1168 2885 quo
1196 2796 1535 2884 patentior,
1580 2821 1654 2860 eo
1697 2796 2153 2883 impudentior,
2182 2810 2248 2863 et
2286 2800 2619 2886 reprehen-

707 2903 954 2969 sibilior
983 2913 1099 2966 est.
1189 2899 1298 2964 Ait
1336 2898 1501 2964 enim
1526 2900 1836 2964 :Stultus
1862 2900 1927 2964 in
1961 2899 2094 2965 risu
2123 2900 2367 2966 exaltat
2397 2924 2615 2968 vocem

702 3027 885 3070 suam
915 3027 928 3065 :
973 3014 1035 3066 et
1059 3002 1350 3064 Salvator
1364 2998 1564 3081 flevit,
1585 3000 1948 3086 quissutique
1968 3002 2182 3065 risisse
2203 3023 2330 3065 non
2354 3000 2612 3087 legitur.

699 3107 845 3171 Nec
876 3105 1041 3167 enim
1061 3101 1246 3166 facile
1264 3101 1640 3165 crediderim
1663 3124 1932 3188 pronum
1957 3123 2092 3166 esse
2112 3100 2194 3166 ad
2217 3100 2614 3184 cachinnum,

701 3210 815 3296 qui
875 3206 996 3270 sub
1054 3217 1233 3270 tanta
1273 3202 1693 3290 ambiguitate
1738 3202 1819 3266 de
1861 3203 1994 3267 risu
2042 3202 2344 3289 loquitur,
2389 3215 2463 3268 ut
2493 3204 2610 3270 etsi

699 3308 911 3373 riserit
939 3330 1063 3371 non
1095 3306 1407 3372 credatur.
1498 3307 1589 3369 Et
1621 3305 1739 3370 lux
1769 3309 1991 3370 vultus
2032 3304 2157 3369 mei
2184 3327 2311 3369 non
2342 3306 2609 3372 cadebat

698 3411 765 3474 in
799 3422 1052 3475 terram.
1143 3407 1310 3474 Risit
1353 3408 1519 3472 forte
1562 3406 1661 3471 vir
1682 3407 1924 3493 justuS,
1954 3406 2066 3470 sed
2109 3428 2256 3471 eum
2286 3406 2353 3471 in
2392 3407 2605 3473 hilari·

698 3525 852 3593 tate,
883 3510 1245 3598 temporalis
1275 3509 1513 3595 ineptia
1552 3532 1683 3573 non
1728 3507 2003 3588 resolvit,
2049 3520 2114 3573 et
2143 3508 2448 3596 quicquid
2482 3521 2606 3574 ter-

699 3637 921 3680 renum
968 3614 1194 3679 eratin
1240 3612 1547 3693 moribuS,
1584 3611 1837 3676 vultum
1867 3610 2210 3677 verebatur
2251 3622 2601 3676 austerum.

699 3717 770 3782 Si
819 3714 1153 3780 voluissem
1206 3714 1299 3777 ire
1350 3712 1433 3777 ad
1487 3736 1615 3793 eos,
1670 3711 1963 3777 sedebam
2017 3713 2280 3799 primus,
2387 3713 2604 3777 Prima

696 3815 1012 3902 siquidem
1058 3814 1361 3882 cathedra
1419 3815 1655 3900 dignus
1706 3826 1859 3892 erat,
1905 3813 2020 3900 qui
2070 3813 2230 3891 alios
2277 3825 2600 3881 tantarum

695 3921 1007 3984 virtutum
1069 3922 1294 3984 itinere
1350 3915 1771 4004 praecedebat.
1862 3918 2079 3994 Quum
2124 3916 2372 3983 sederet
2415 3915 2600 3998 quasi

694 4043 806 4085 rex
835 4020 1294 4087 famulantibus
1322 4019 1485 4098 aliis,
1531 4020 1889 4107 lachrymas
1918 4020 2322 4087 moerentium
2357 4017 2596 4082 abster-

690 4124 902 4208 gebat.
990 4127 1032 4190 J
1034 4123 1288 4190 ucunda
1318 4120 1627 4208 siquidem
1661 4122 2031 4197 conclusio;
2080 4141 2278 4206 quum
2311 4127 2597 4201 potestas

691 4223 948 4310 publica
1007 4224 1095 4289 sic
1153 4222 1366 4290 studet
1426 4243 1723 4307 praeesse,
1788 4235 1861 4288 ut
1904 4222 1968 4285 in
2016 4216 2428 4285 universitate
2480 4236 2597 4281 sua

2278 4399 3013 4812 m
