3309 5309
348 691 418 736 ose.
435 675 502 754 111.]
692 690 946 736 cocrcnsrrcos.
1240 680 1303 738 265

349 841 612 924 strategematicis
626 843 705 928 ejus,
726 843 931 926 attingamus.
978 843 1079 906 Poma
1100 841 1128 904 ei
1143 840 1270 906 initium
1285 866 1304 908 a

346 944 524 1008 reverentia
538 943 705 1008 numinum
719 954 779 1022 est,
792 943 883 1008 nobis
897 965 917 1006 a
933 947 1015 1019 Deo,
1031 945 1088 1029 qui
1103 944 1145 1008 ab
1155 942 1305 1009 omnibus

347 1045 537 1129 generaliter
558 1045 712 1110 amandus
733 1058 792 1125 est,
813 1059 846 1109 et
867 1044 1020 1109 colendus
1042 1068 1082 1108 ex
1110 1058 1179 1111 toto
1200 1045 1304 1125 corde,

348 1170 387 1211 ex
415 1159 484 1211 tota
507 1151 621 1223 anima,
648 1170 689 1210 ex
711 1148 861 1212 omnibus
884 1147 1006 1212 viribus
1032 1147 1107 1212 suis.
1151 1146 1305 1211 Probatio

348 1269 423 1311 vero
438 1245 627 1324 dilectionis,
642 1246 798 1310 exhibitio
820 1246 925 1332 operis
939 1259 997 1311 est.
1042 1248 1088 1311 Et
1103 1246 1177 1312 licet
1198 1268 1305 1334 perse

347 1349 455 1434 ipsum
471 1352 569 1435 possit
585 1348 695 1427 amari,
710 1359 863 1432 tanquam
880 1346 937 1432 qui
958 1346 1037 1410 citra
1052 1369 1144 1432 opem
1161 1349 1258 1413 medii
1273 1372 1306 1414 se

349 1449 500 1514 infundat
515 1449 643 1525 amanti,
655 1461 759 1513 tamen
776 1448 816 1512 ad
833 1448 955 1513 cultum
967 1447 1156 1512 exteriorem
1170 1449 1306 1536 alicujus

348 1550 530 1615 medietatis
544 1550 742 1614 interventus
757 1548 951 1612 necessarius
966 1561 1027 1628 cst,
1041 1572 1079 1611 eo
1094 1548 1182 1633 quod
1198 1553 1304 1614 Deum

348 1673 442 1715 nemo
456 1650 571 1715 viderit
584 1672 734 1736 uuquam.
781 1648 919 1713 Videndi
930 1671 1006 1712 vero
1016 1670 1128 1712 nomen
1142 1647 1182 1711 ad
1194 1650 1302 1735 appel-

348 1753 498 1818 lationem
512 1753 653 1817 omnium
664 1774 813 1816 sensuum
825 1750 994 1835 utriusque
1009 1762 1134 1814 naturae
1143 1747 1303 1828 dilatabis,

351 1855 428 1941 quia
442 1853 683 1941 praesentialiter
702 1867 734 1918 et
750 1876 829 1940 pure
851 1876 914 1917 non
930 1854 1044 1918 sentiet
1059 1875 1132 1916 eum
1150 1855 1257 1928 homo,
1273 1864 1305 1919 et

350 1957 448 2034 vivet,
462 1955 523 2019 nisi
538 1955 620 2021 forte
635 1978 672 2018 ea
687 1976 836 2021 sensuum
847 1969 951 2042 parte,
965 1979 1040 2040 quae
1051 1954 1192 2040 corporis
1206 1956 1304 2021 nescit

351 2058 525 2143 angustiae,
537 2080 594 2121 nec
605 2057 765 2123 defectum
778 2058 929 2146 temporis
945 2058 1053 2135 sentit,
1064 2057 1118 2122 sed
1135 2058 1304 2124 vivacitate

352 2161 411 2237 sui,
441 2183 481 2223 ex
509 2159 613 2244 gratia
646 2172 810 2245 permanet
840 2161 872 2224 in
903 2173 1068 2226 aeternum,
1131 2160 1304 2226 Caritatem

351 2260 476 2345 loquor,
499 2282 573 2344 quae
596 2281 657 2323 non
680 2273 867 2341 evacuatur,
881 2260 937 2326 sed
960 2259 1098 2346 proficit,
1122 2273 1241 2347 quanto
1262 2260 1304 2325 ad

351 2384 436 2439 eum,
450 2382 545 2446 quem
561 2359 731 2443 desiderat,
745 2362 933 2428 familiarius
948 2362 1080 2428 accedit.
1127 2363 1209 2426 Nam
1225 2360 1305 2426 fides

353 2460 457 2525 velum
480 2461 588 2538 habet,
611 2475 641 2526 et
665 2486 736 2550 spes
758 2463 799 2527 de
820 2465 934 2548 gratiae
956 2466 1123 2547 meritique
1152 2462 1304 2538 fomento,

352 2562 571 2627 conscientiam
588 2563 799 2643 demulcente,
814 2564 881 2626 voti
898 2564 948 2626 sui
970 2562 1112 2627 laetitiam
1136 2562 1169 2625 in
1195 2563 1305 2627 futura

351 2664 522 2750 protendit.
570 2665 666 2729 Fides
688 2665 802 2750 itaque
831 2676 863 2728 et
873 2647 966 2749 ‘spes
987 2664 1153 2727 imitantur
1174 2662 1304 2747 quidem

351 2788 488 2845 sensum,
504 2766 681 2829 subsistunt
698 2778 803 2829 tamen
818 2764 909 2839 citra,
925 2775 1057 2848 agentes
1071 2763 1198 2827 interim
1214 2764 1306 2849 qussi

350 2889 408 2953 per
424 2865 600 2951 speculum,
624 2875 656 2927 et
671 2864 703 2926 in
725 2866 905 2947 aenigmate,
924 2863 1025 2929 donec
1045 2886 1153 2929 earum
1176 2865 1305 2949 species,

349 2969 520 3031 immutata
556 2963 699 3028 veritatis
731 2965 920 3042 substantia,
956 2965 1097 3050 plenarie
1134 2963 1304 3046 illucescat.

350 3072 414 3148 Qui
430 3090 506 3129 vero
521 3065 610 3129 nullo
622 3078 726 3152 potest
742 3089 834 3130 sensu
850 3068 1015 3154 perspicue
1027 3068 1138 3148 videri,
1149 3067 1242 3132 facile
1253 3089 1306 3130 ne-

350 3172 423 3258 quit
440 3167 578 3253 agnosci.
624 3167 719 3241 Quod
734 3180 843 3232 autem
854 3191 916 3232 non
931 3169 1123 3254 agnoscitur,
1135 3168 1306 3253 diligenter

350 3271 411 3337 ooli
427 3293 488 3333 non
505 3280 620 3355 potest,
645 3267 703 3332 nisi
719 3292 776 3354 per
799 3269 950 3336 medium.
995 3269 1092 3334 Unde
1114 3283 1146 3334 et
1160 3273 1304 3335 ¹Numam

352 3372 548 3458 Pompilium
579 3372 770 3437 ceremonias
799 3372 953 3458 quasdam
988 3372 1123 3459 legimus
1154 3372 1305 3436 indixisse

352 3474 506 3540 Romanis
527 3485 559 3536 et
582 3473 744 3549 sacrificia,
768 3485 804 3537 ut
828 3474 888 3539 sub
910 3473 1136 3539 immortalium
1159 3477 1301 3539 Deorum

352 3587 525 3661 praetextu,
540 3578 581 3639 ad
597 3574 760 3647 colendam
778 3575 939 3661 pietatem,
955 3576 1139 3659 religionem
1149 3588 1181 3640 et
1196 3575 1304 3654 fidem,

352 3692 385 3744 et
401 3694 525 3753 coetera,
541 3701 615 3761 quae
631 3677 675 3741 eis
698 3677 844 3741 intimare
860 3678 997 3754 volebat,
1018 3681 1103 3762 ipsos
1117 3676 1243 3742 facilius
1259 3677 1305 3742 in·

353 3782 478 3845 vitaret.
516 3783 690 3843 Testantur
701 3781 760 3842 hoc
776 3779 890 3845 ancilia
904 3791 1003 3865 atque
1017 3779 1208 3859 Palladium,
1218 3801 1306 3843 sacra

354 3881 501 3968 quaedam
518 3880 642 3965 imperii
660 3884 804 3965 pignora,
819 3883 924 3945 danus
939 3882 1072 3962 bifrons,
1083 3880 1157 3945 belli
1173 3896 1204 3945 et
1219 3881 1305 3967 pacis

354 3984 484 4058 arbiter,
506 3982 596 4045 focus
618 3986 724 4045 Vestae
747 3982 926 4068 virginibus
948 3998 1156 4059 consecratus
1187 4007 1251 4066 quo
1273 3982 1306 4045 in

354 4083 471 4147 honore
502 4080 676 4145 coelestium
704 4082 843 4148 siderum
867 4087 1004 4161 flamma,
1036 4097 1143 4147 custos
1171 4080 1307 4162 imperii,

349 4183 472 4268 jugiter
494 4181 647 4267 vigilaret.
694 4184 757 4249 sed
773 4197 804 4248 et
829 4208 931 4249 annus
951 4186 983 4247 in
1000 4204 1119 4246 meuses
1139 4177 1306 4241 duodecim

352 4283 517 4360 dilatatus,
547 4283 702 4348 fastorum
727 4297 758 4347 et
781 4285 976 4349 nefastorum
1008 4283 1131 4344 dierum
1157 4277 1305 4341 varietate
