3309 5309
480 639 521 698 66
726 651 863 696 sossius
878 650 1154 696 sanasuaarausrs
1297 631 1381 713 [nm.
1399 649 1437 693 11.

484 828 540 891 per
564 816 667 869 totum
688 825 816 867 annum.
864 802 924 866 Sed
952 816 983 866 et
1007 801 1080 866 ante
1103 801 1218 866 excidii
1243 814 1372 888 tempus
1397 824 1434 864 ac

484 905 571 984 belli,
582 928 683 991 quum
696 905 807 991 populi
820 906 861 968 ad
873 905 957 969 diem
968 905 1084 969 festum
1095 903 1311 981 convenirent,
1321 915 1434 967 octaro

484 1006 536 1070 die
551 1008 668 1071 mensis
691 1006 858 1082 Xanthioi,
874 1011 929 1092 qui
950 1020 996 1071 est
1014 1006 1148 1093 Aprilis,
1164 1006 1265 1070 noctis
1281 1018 1436 1090 ternpore,

485 1111 564 1175 hora
587 1133 669 1174 nona
694 1121 802 1174 tantus
826 1109 954 1173 luminis
976 1108 1082 1194 fulgor
1104 1132 1191 1172 aram
1214 1109 1435 1195 templumque

485 1211 706 1286 circumdedit,
738 1226 774 1276 ut
799 1224 949 1297 putarent
978 1233 1086 1273 omnes
1115 1210 1197 1273 diem
1228 1210 1436 1274 clarissimum

487 1318 619 1394 factum,
640 1328 671 1379 et
700 1316 874 1401 permansit
897 1316 1000 1400 spatio
1029 1314 1114 1378 horae
1143 1314 1296 1378 dimidiae.
1341 1312 1436 1388 Quod

485 1418 640 1505 imperitis
670 1418 798 1504 quidem
831 1431 862 1482 et
888 1418 1006 1502 ignaris
1034 1439 1222 1503 prosperum
1247 1417 1433 1481 videbatur:

486 1520 540 1584 sed
558 1521 764 1606 legisperitos,
776 1533 807 1585 et
819 1522 937 1606 probos
953 1543 1099 1606 quosque
1108 1520 1253 1584 doctores
1268 1542 1331 1583 non
1342 1518 1437 1584 latuit

486 1623 613 1688 exitiale
643 1635 838 1708 portentum.
895 1624 934 1686 ln
965 1622 1074 1685 eadem
1105 1645 1235 1707 quoquc
1263 1621 1436 1686 festivitate

486 1726 587 1790 vitula
602 1726 762 1791 sacrificiis
784 1726 924 1802 admota,
945 1737 977 1788 et
997 1726 1060 1787 aris
1079 1728 1238 1801 assistens,
1253 1725 1338 1787 inter
1351 1724 1436 1810 ipsas

486 1828 702 1892 ministrorum
724 1851 836 1892 manus
856 1828 949 1891 enixa
968 1844 1016 1891 est
1037 1849 1161 1910 agnam.
1209 1825 1272 1889 Sed
1286 1838 1319 1891 et
1336 1828 1437 1913 janua

487 1930 646 1995 interioris
670 1930 758 2009 aedis,
780 1953 854 2015 quae
878 1930 1065 2013 respiciebat
1086 1927 1126 1992 ad
1147 1930 1312 2004 orientem,
1336 1950 1437 2014 quum

487 2043 568 2094 esset
585 2052 646 2093 aere
662 2030 762 2093 solido
778 2029 903 2106 induta,
918 2052 954 2092 ac
974 2029 1105 2115 perinde
1120 2029 1263 2092 immensi
1278 2029 1439 2114 ponderis,

488 2152 562 2213 quae
590 2128 643 2192 vix
669 2129 783 2213 viginti
808 2128 884 2192 viris
907 2151 1031 2192 summo
1057 2144 1174 2193 conatu
1200 2128 1439 2215 impellentibus

488 2230 702 2307 clauderetur,
718 2231 828 2294 ferreis
844 2254 973 2316 quoque
990 2232 1133 2295 vectibus
1155 2245 1186 2295 et
1209 2231 1286 2296 seris
1301 2231 1437 2308 munita,

489 2353 525 2394 ac
540 2332 674 2417 pessulis
694 2333 725 2396 in
747 2332 848 2397 altum
869 2333 1011 2396 demissis
1031 2346 1191 2399 teneretur
1210 2334 1375 2410 obstricta,
1391 2355 1439 2396 re·

490 2445 586 2518 pente
599 2432 678 2495 hora
692 2434 793 2498 noctis
811 2446 912 2510 sexta,
927 2435 1030 2519 prima
1045 2449 1077 2500 et
1093 2435 1239 2499 vicesima
1258 2435 1309 2499 die
1325 2433 1440 2499 mensis

490 2537 640 2622 apparuit
670 2550 782 2622 sponte
810 2536 979 2620 patefacta.
1037 2537 1099 2601 Sed
1130 2551 1161 2602 et
1198 2550 1357 2602 transacto
1386 2537 1439 2602 die

491 2636 583 2717 festo,
596 2648 670 2722 post
684 2637 807 2723 aliquot
831 2636 910 2713 dies,
927 2638 1029 2723 prima
1044 2652 1075 2702 et
1091 2639 1243 2722 vigesima
1257 2638 1309 2702 die
1325 2637 1440 2702 mensis

491 2739 667 2820 Artemisii,
682 2740 738 2825 qui
760 2740 847 2826 apud
871 2763 928 2803 nos
952 2740 1060 2804 Maius
1081 2755 1223 2821 vocatur,
1237 2740 1441 2827 prodigiosus

491 2846 640 2928 apparuit
656 2843 752 2918 visus,
769 2857 800 2907 et
825 2843 918 2907 lidem
940 2866 1020 2929 pene
1041 2844 1206 2908 excedens.
1251 2843 1347 2920 Quod
1369 2865 1441 2906 vere

490 2943 605 3010 falsum
630 2958 810 3031 putaretur,
827 2945 884 3009 nisi
907 2945 1072 3010 oculorum
1096 2947 1189 3010 fidem
1214 2946 1441 3017 confirmasset,

493 3046 646 3113 malorum
668 3060 865 3134 consequuta
885 3046 1047 3133 pernicies.
1094 3047 1222 3112 Etenim
1245 3070 1346 3133 prope
1362 3047 1443 3111 Solis

491 3171 648 3228 occasum,
661 3151 719 3214 visi
735 3166 809 3215 sunt
822 3172 935 3215 currus
946 3163 977 3214 et
987 3149 1154 3235 quadrigae
1169 3151 1201 3213 in
1216 3151 1303 3213 omni
1314 3152 1442 3233 regione

492 3273 549 3334 per
564 3273 679 3327 aerem,
704 3265 735 3318 et
757 3266 950 3317 armatorum
975 3252 1120 3316 cohortes
1142 3252 1265 3315 misceri
1287 3250 1442 3330 nubibus,

493 3362 525 3411 et
548 3353 643 3415 urbes
666 3353 853 3417 circumdari
878 3353 1057 3436 agminibus
1080 3353 1267 3439 improvisis.
1316 3354 1356 3416 In
1380 3352 1443 3416 alio

493 3452 568 3514 item
599 3453 650 3515 die
678 3453 770 3532 festo,
800 3455 855 3539 qui
893 3457 1094 3518 Pentecostes
1123 3454 1314 3540 appellatur,
1344 3467 1441 3520 noctu

495 3553 671 3617 sacerdotes
693 3554 826 3638 ingressi
848 3560 1014 3640 ternplum,
1035 3557 1075 3619 ad
1098 3556 1271 3620 ministeria
1292 3578 1332 3618 ex
1355 3579 1445 3620 more

495 3655 692 3740 complenda,
708 3656 811 3741 primo
825 3656 957 3741 quidem
972 3672 1076 3722 motus
1091 3658 1260 3744 quosdam,
1277 3659 1445 3744 strepitus-

495 3779 559 3842 que
574 3771 748 3835 senserunt,
764 3771 832 3822 tum
857 3758 972 3822 deinde
988 3782 1079 3822 voces
1102 3760 1224 3825 subitas
1244 3759 1381 3825 audiunt
1399 3761 1443 3826 di-

494 3870 612 3933 centes,
636 3859 815 3943 Migremus
839 3861 922 3937 hinc,
947 3860 1119 3944 migremus
1144 3886 1183 3925 ex
1210 3862 1340 3926 sedibus
1366 3863 1444 3929 istis.

496 3960 642 4025 Additur
658 3961 814 4025 bisetium
836 3962 920 4028 alind
944 3963 1135 4026 terribilius:
1161 3964 1288 4027 Etenim
1313 3966 1443 4051 quidam

495 4067 632 4129 Ananiae
648 4065 732 4129 filius
747 4066 844 4128 Jesus
859 4069 995 4146 nomine,
1009 4064 1057 4126 vir
1077 4064 1219 4150 plebeius
1239 4077 1271 4126 et
1292 4069 1443 4145 rusticus,

494 4183 525 4234 et
547 4183 619 4233 ante
634 4179 785 4253 quartum
802 4167 878 4230 belli
893 4189 1023 4245 annum,
1036 4189 1137 4251 quum
1153 4166 1265 4232 civitas
1276 4167 1307 4231 in
1325 4183 1445 4257 paceet

494 4271 691 4337 abundantia
711 4270 910 4356 perduraret,
926 4269 957 4332 in
978 4268 1030 4332 die
1051 4270 1133 4334 festo
1154 4271 1443 4350 tabernaculorum,
