3309 5309
199 635 268 689 'cra
288 628 352 706 v‚]⁴
582 645 836 691 ronrcnarrcus.
1107 633 1166 700 ,35

202 795 302 859 ratrix
331 809 383 860 est
409 797 482 871 loci,
508 795 671 880 temporis,
698 796 795 875 modi,
821 820 975 882 personae,
999 811 1031 864 et
1058 820 1162 865 causat

187 896 368 1030 praemissa
382 897 548 983 inspectio,
564 922 638 983 quae
658 899 800 963 omnium
823 902 1025 986 negotiorum
1048 900 1162 967 faciem

203 998 320 1063 decora
346 1011 514 1064 venustate
537 1000 750 1081 commendat,
772 1015 828 1067 aut
854 1003 1065 1089 turpitudinis
1089 1026 1163 1068 con·

205 1100 338 1167 damnat
364 1102 548 1189 opprobrio.
593 1106 654 1167 Est
676 1125 753 1188 ergo
774 1103 806 1167 in
832 1104 965 1189 singulis
986 1104 1162 1192 plurimum

206 1204 355 1269 habenda
382 1203 466 1269 ratio
491 1225 709 1291 personarum,
735 1225 838 1293 quum
860 1219 987 1284 natura,
1009 1208 1162 1286 conditio,

205 1303 346 1386 fortuna,
366 1306 433 1371 suis
454 1306 589 1392 singulae
611 1307 768 1372 hominem
789 1308 926 1374 induant
946 1310 1099 1395 personis,
1120 1332 1162 1375 ex

207 1408 327 1491 quibus
350 1408 430 1494 qnid
451 1432 484 1473 se
502 1409 622 1488 deceat,
645 1410 898 1497 uniuscujusque
920 1411 980 1477 erit
1002 1412 1159 1497 colligere.

208 1505 373 1575 Deoomm
402 1511 560 1597 siquidem
592 1509 722 1575 aliunde
751 1534 814 1576 non
845 1513 1001 1596 provenit.
1046 1512 1161 1577 Chilon

208 1611 472 1676 Lacedaemonius
482 1613 660 1698 jungendae
681 1613 842 1678 societatis
856 1635 952 1677 causa
971 1615 1087 1679 missus
1104 1617 1165 1679 Co-

204 1712 362 1794 rinthum,
376 1714 473 1779 duces
488 1729 520 1779 et
541 1718 678 1780 seniores
692 1714 805 1802 populi
828 1714 976 1781 ludentes
990 1715 1111 1781 invenlt
1130 1718 1163 1781 in

206 1814 288 1880 alea.
329 1816 455 1881 Infecto
471 1809 583 1903 itaque
604 1816 733 1903 negotio
755 1838 901 1880 reversus
923 1828 981 1893 est,
1005 1815 1112 1881 dicens
1134 1838 1166 1882 se

206 1917 291 1981 nolle
306 1918 440 2004 gloriam
458 1920 698 2005 Spartanorum,
715 1939 852 2005 qnorum
868 1918 971 1983 virtus
985 1932 1166 1987 constructo

210 2016 371 2104 Byzantio
389 2017 593 2095 clarescebat,
609 2018 668 2083 hac
689 2018 849 2084 maculare
869 2019 1011 2099 infamia,
1028 2033 1064 2085 ut
1081 2019 1165 2085 dice-

206 2134 319 2185 rentur
333 2144 407 2185 cum
429 2121 621 2186 aleatoribus
635 2121 830 2187 contraxisse
850 2123 1041 2188 societatem.
1079 2124 1163 2207 Regi

207 2246 339 2309 quoque
351 2223 517 2288 Demetrio
531 2224 563 2287 in
575 2223 784 2311 opprobrium
800 2224 931 2312 puerilis
942 2224 1092 2300 levitatis,
1105 2225 1163 2290 tali

204 2328 296 2389 aurei
324 2349 344 2390 a
375 2348 450 2410 rege
474 2325 668 2390 Parthorum
698 2324 766 2390 dati
793 2338 878 2391 sunt.
924 2328 976 2391 Eo
1002 2326 1162 2413 siquidem

206 2448 338 2492 munere
357 2426 585 2491 exhonoranda
605 2428 674 2493 visa
695 2440 743 2492 est
763 2426 974 2494 adolescentia
996 2428 1113 2505 senilis,
1128 2442 1161 2495 et

204 2555 278 2617 quae
293 2530 327 2595 in
344 2530 508 2616 majestate
519 2532 609 2615 regni
624 2530 706 2595 levia
716 2530 914 2595 committere
929 2530 1058 2594 minime
1072 2552 1160 2595 vere·

204 2634 314 2700 batur.
347 2631 441 2697 Nunc
453 2655 527 2696 vero
539 2631 694 2697 nobilium
706 2632 739 2696 in
751 2654 789 2696 eo
804 2631 960 2718 sapientia
970 2631 1162 2712 declaratur,

207 2737 234 2801 si
248 2734 428 2800 venaticam
449 2733 608 2814 noverint,
621 2734 648 2797 si
670 2733 703 2797 in
721 2733 791 2799 alea
811 2732 1024 2799 damnabilius
1044 2732 1163 2799 fuerint

207 2836 360 2913 instituti,
383 2836 409 2901 si
432 2852 557 2902 uaturoe
579 2837 678 2901 robur
701 2836 901 2901 effoeminatae
917 2836 1002 2902 vocis
1021 2836 1163 2901 articulis

205 2938 371 3025 fregerint,
394 2936 420 3001 si
445 2936 550 3000 modis
573 2947 605 3000 et
629 2935 758 3002 musicis
780 2937 1011 3014 instrumentis,
1032 2937 1163 3003 virtutis

205 3039 406 3105 immemores
424 3037 653 3104 obliviscantur
675 3038 762 3123 quod
785 3038 853 3104 nati
876 3049 961 3102 sunt.
998 3043 1121 3103 Verum
1143 3061 1163 3102 a

205 3141 397 3229 parentibus
422 3140 492 3205 hac
516 3141 671 3225 pernicies
697 3150 807 3203 manat
833 3139 876 3202 ad
903 3137 1030 3202 liberos.
1076 3136 1165 3211 Quid

204 3247 285 3310 enirn
301 3242 400 3307 faciet
417 3240 512 3321 tilius,
523 3241 582 3305 nisi
597 3240 686 3325 quod
702 3254 824 3325 patrem
845 3239 958 3304 viderit
973 3238 1160 3306 facientem?

309 3404 339 3455 Si
351 3403 476 3455 damnosa
486 3417 579 3453 senem
586 3398 661 3470 juvet
673 3398 741 3463 alea,
753 3397 819 3451 ludit
832 3403 859 3451 et
870 3397 953 3450 haeres

308 3489 439 3554 Bollatus,
451 3504 580 3561 parvoque
592 3486 685 3540 eadem
695 3489 782 3538 movet
792 3502 865 3538 arma
875 3483 976 3537 fritillo.

207 3640 328 3704 Fuerat
336 3636 465 3724 quidem
476 3635 610 3702 tenerior
620 3646 726 3699 aetasa
738 3631 927 3697 libidinibns
940 3643 972 3696 et
984 3630 1158 3718 voluptate,

204 3754 335 3830 parente
362 3742 522 3815 vitiorum,
547 3736 684 3802 arcenda
708 3735 918 3822 propensius;
954 3745 986 3798 et
1012 3755 1052 3796 ne
1079 3735 1158 3821 quid

206 3843 353 3910 licentius
370 3839 433 3905 illis
453 3839 665 3924 praesentibus
683 3861 703 3901 a
717 3836 892 3922 majoribus
912 3834 1011 3916 fieret,
1028 3834 1160 3921 diligen-

206 3949 269 4014 tius
284 3942 540 4031 praecavendum,
555 3941 642 4028 quia,
657 3952 694 4004 ut
711 3938 792 4003 idem
809 3939 853 4003 ait
872 3937 1050 4021 Satyricus,

525 4084 630 4136 Fortius
642 4087 669 4135 et
681 4082 756 4133 citius
767 4097 814 4133 nos

307 4173 482 4240 Corrumpunt
493 4170 613 4221 vitiorum
625 4164 746 4237 exempla
758 4164 910 4229 domestica,
923 4163 1025 4230 magnis

309 4258 402 4319 Quum
414 4255 525 4307 subeunt
537 4255 635 4307 animos
646 4251 802 4304 auctoribus.

661 4348 718 4403 u2
