3309 5309
348 679 418 724 car.
434 665 498 744 ιι]
673 681 930 728 nonronmcus.
1241 660 1301 724 185

345 845 521 922 versentur.
554 834 651 898 Unde
671 835 810 897 Ethicns
827 833 974 917 inquieto
994 843 1086 897 extra
1104 855 1139 897 se
1158 834 1299 916 ineptam

345 934 582 999 beatitudinem
597 936 782 1018 inquirenti,

734 1041 814 1104 Quod
825 1043 921 1110 quoeris
931 1041 1028 1112 ubique
1038 1045 1088 1105 cst,

454 1127 505 1179 Est
517 1125 635 1191 Ulubris,
646 1126 748 1179 animus
759 1127 783 1179 si
794 1132 821 1180 te
831 1145 883 1179 nou
894 1126 982 1179 deficit
992 1143 1090 1196 aquus.

347 1279 429 1362 Cap.
445 1283 473 1342 9.
501 1278 597 1346 Quod
616 1277 756 1340 mandas
779 1296 855 1339 suos
873 1277 969 1341 taber
990 1277 1120 1358 Elysios
1130 1299 1144 1350 ,·
1166 1285 1199 1339 et
1217 1275 1305 1358 quod

391 1379 506 1442 eodem
521 1378 609 1459 fides
633 1388 681 1441 est
704 1380 809 1440 nostri
823 1381 980 1460 temporis
1005 1385 1038 1441 et
1046 1379 1301 1459 procedentium

383 1485 532 1562 parram,
547 1490 580 1543 et
593 1481 722 1544 m’rtutit
736 1480 875 1543 cultores
888 1482 1083 1561 inspectores
1093 1488 1169 1542 sant
1183 1479 1303 1544 theatri

391 1580 497 1661 dusiis.

391 1693 542 1754 Murcus
557 1691 652 1772 igitur
667 1712 743 1753 snos
760 1691 859 1754 habet
874 1729 876 1734 ·

393 1851 395 1855 ,
451 1797 565 1867 Elysios,
577 1797 708 1866 solemque
720 1815 796 1850 suum
807 1803 836 1850 et
847 1814 894 1849 suc
905 1797 991 1850 sidera
1002 1798 1080 1850 norit.

345 1897 455 1959 Virtus
476 1895 634 1977 siquidem
659 1895 769 1959 solaris
795 1894 925 1978 quidam
952 1894 1059 1957 radius
1085 1905 1145 1973 est,
1171 1915 1190 1958 a
1216 1896 1302 1958 lontc

345 1995 500 2060 claritatis
520 1995 669 2058 omnibus
692 1995 785 2058 datus
800 1995 834 2056 iu
852 2015 955 2072 usum,
977 1995 1079 2076 etqui
1099 1996 1208 2058 omnia
1229 2018 1301 2078 quae

346 2096 486 2178 attingit,
507 2096 650 2160 claritate
673 2096 723 2158 sui
743 2096 842 2159 faciat
863 2097 993 2159 eximia.
1039 2097 1120 2160 lude
1140 2097 1302 2181 estquod

348 2199 444 2261 etiam
474 2197 532 2275 illi,
559 2179 641 2280 onos
665 2196 764 2280 hujus
787 2196 868 2260 radii
893 2209 1053 2276 venustus,
1079 2200 1171 2279 quasi
1196 2221 1303 2283 reper-

346 2319 443 2362 cussa
468 2299 576 2380 specie
600 2295 648 2361 sui
674 2298 800 2362 ridetur
821 2299 957 2378 afflasse,
985 2301 1090 2363 statim
1118 2301 1151 2364 in
1177 2301 1303 2386 subjec-

347 2411 453 2464 torum
478 2410 654 2482 conspectu
679 2401 869 2476 clarescunt,
893 2400 1037 2485 fiuntque
1062 2402 1301 2486 quodammodo

346 2499 475 2562 virtutis
490 2500 581 2562 titulo
597 2499 735 2580 gloriosi.
773 2501 868 2562 Absit
884 2501 981 2580 enim,
995 2511 1031 2564 ut
1046 2502 1214 2585 quisquam
1230 2524 1302 2566 vere
1373 2556 1378 2566 .

321 2601 389 2663 'sit
419 2598 587 2681 gloriosus,
612 2600 675 2663 nisi
702 2601 758 2683 qui
787 2601 821 2663 in
849 2601 990 2663 Domino
1020 2602 1180 2680 gloriatur.
1225 2604 1302 2666 Non

315 2767 318 2771 ,
346 2702 434 2766 enim
450 2703 553 2785 quise
575 2705 695 2786 ipsum,
711 2712 766 2765 aut
784 2723 878 2785 quem
901 2701 997 2764 homo
1018 2703 1231 2781 commendat,
1247 2704 1303 2767 ille
1388 2755 1392 2762 .

346 2804 502 2887 probatus
523 2812 582 2881 est,
612 2804 669 2866 sed
691 2825 787 2886 quem
817 2803 908 2865 Deus
937 2802 1147 2866 commendat.
1206 2803 1304 2876 Quod

346 2903 458 2986 utique
480 2924 555 2965 vera
569 2912 602 2966 et
617 2905 685 2966 sola
700 2904 799 2965 virtus
814 2914 961 2982 meretur,
975 2925 1040 2966 non
1057 2916 1303 2988 quantacunque

346 3004 470 3067 virtutis
495 3005 611 3085 imago
656 3005 732 3066 Hoc
760 3014 867 3068 autem
890 3027 961 3068 esse
983 3005 1127 3081 arbitror,
1149 3005 1304 3088 quicquid

346 3106 381 3169 in
396 3105 542 3168 moribus
557 3104 719 3184 egregium
738 3102 779 3167 de
795 3115 915 3169 naturae
935 3106 1106 3184 beneficio,
1129 3116 1162 3169 ct
1180 3107 1304 3170 exerci-

346 3205 393 3267 tio
409 3202 529 3266 mentis
545 3202 623 3264 citra
639 3203 782 3284 gratiam,
798 3204 985 3287 philosophi
1001 3206 1062 3267 sibi
1072 3205 1304 3289 repromittunt,

347 3327 455 3390 eoque
472 3304 542 3388 ipso
555 3316 749 3367 evanuerunt
759 3306 792 3366 iu
803 3305 1052 3386 cogitationibus
1064 3306 1141 3381 suis,
1152 3306 1303 3369 delibero

347 3406 463 3470 confisi
486 3405 628 3482 arbitrio,
650 3414 683 3468 et
705 3405 850 3469 dicentes
865 3428 899 3468 se
923 3428 994 3469 esse
1018 3407 1192 3490 sapientes,
1214 3407 1303 3471 stulti

347 3509 426 3571 facti
442 3518 528 3585 sunt,
543 3508 694 3590 stultique
710 3520 936 3591 apparuerunt.
981 3508 1077 3572 Unde
1092 3510 1240 3586 Etbicus‚

596 3615 666 3665 Satis
679 3631 751 3667 orare
763 3614 779 3664 J
781 3632 855 3667 ovem
867 3615 911 3682 qni
923 3613 1003 3666 donat
1015 3619 1041 3666 et
1052 3613 1145 3680 aufert,

422 3698 478 3750 Det
488 3698 637 3771 vitam,det
649 3715 717 3770 opss,
730 3700 845 3751 animum
857 3698 922 3750 mihi
935 3717 985 3766 ego
996 3699 1052 3771 ipse
1064 3700 1168 3770 parabo.

350 3796 442 3858 Alius
458 3816 597 3879 quoque,

422 3899 533 3952 Nullum
544 3918 641 3953 numen
651 3902 732 3955 habes
745 3903 767 3953 si
779 3903 813 3954 sit
824 3904 977 3973 prudentia;
996 3908 1041 3960 sed
1052 3925 1100 3960 nos

419 3985 462 4038 Te
473 3985 592 4051 facimus,
605 3986 716 4053 fortuna,
729 3988 813 4053 deam,
824 3989 940 4059 coeloque
952 3991 1075 4046 locamus.

350 4083 431 4146 Cato
448 4104 586 4168 quoque,
602 4086 677 4148 licet
693 4108 799 4148 verum
817 4109 881 4150 non
898 4092 1081 4171 agnovisset
1093 4094 1210 4166 Deum,
1226 4112 1303 4169 gen-

350 4186 496 4266 tiumque
522 4186 802 4268 superstitionibus
820 4192 989 4269 aberraret,
1013 4194 1047 4254 iri
1072 4193 1175 4272 Lybia
1199 4201 1303 4253 tamen

351 4286 374 4346 J
377 4286 456 4364 ovis,
471 4308 567 4369 quem
580 4285 719 4367 colebat,
731 4292 925 4371 contempsit
938 4293 1076 4368 oracula,
1086 4312 1120 4352 sc
1131 4291 1170 4353 ad
1183 4313 1220 4353 ca
1232 4313 1302 4374 quru
