3309 5309
695 685 841 730 cAP.
877 667 1046 746 x1v.]
1440 683 1953 728 POLYCRATICUS.
2480 667 2601 726 211

693 834 1116 910 contumacia,
1148 833 1304 918 quid
1341 833 1479 912 tibi,
1509 833 1744 918 inquit,
1778 845 1847 896 ut
1882 847 1951 896 tu
1984 831 2200 894 orbem
2236 835 2594 894 terrarum?

697 935 822 998 Sed
855 936 1008 1020 quia
1038 936 1102 998 id
1134 958 1253 1020 ego
1285 958 1411 999 uno
1441 936 1695 1018 navigio
1737 935 1922 1011 facie,
1953 933 2119 997 latro
2154 955 2376 1005 vocor;
2443 933 2597 1015 quia

694 1047 765 1100 tu
797 1058 1029 1121 magna
1058 1038 1281 1117 classe,
1301 1038 1525 1102 diceris
1549 1038 1908 1122 imperator.
1975 1036 2039 1100 Si
2073 1034 2267 1114 solus,
2286 1046 2349 1097 et
2376 1043 2596 1118 captus

693 1137 774 1202 sit
807 1138 1191 1217 Alexander,
1219 1138 1383 1203 latro
1413 1139 1549 1203 erit.
1615 1138 1681 1202 Si
1712 1138 1792 1200 ad
1823 1148 2047 1202 nutum
2080 1135 2340 1198 Dionidi
2372 1133 2596 1219 populi

693 1237 1108 1315 famulentur,
1153 1238 1274 1304 erit
1327 1238 1639 1303 Dionides
1693 1239 2070 1323 Imperator.
2159 1238 2323 1300 Nam
2381 1235 2596 1321 quoad

694 1360 951 1403 causam
983 1362 1106 1402 non
1137 1339 1464 1415 differunt,
1497 1339 1616 1401 nisi
1660 1338 1813 1423 quia
1843 1339 2119 1402 deterior
2159 1351 2253 1402 est
2284 1337 2395 1423 qui
2425 1339 2593 1421 rapit

689 1436 1069 1524 improbius,
1102 1440 1216 1524 qui
1251 1439 1570 1524 justitiam
1603 1439 1911 1523 abjectius
1956 1439 2211 1513 deserit,
2244 1437 2358 1522 qui
2398 1440 2594 1501 mani·

689 1538 922 1604 festius
969 1541 1304 1625 impugnat
1355 1540 1542 1625 leges,
1640 1543 1816 1614 Quas
1869 1540 2032 1603 enim
2092 1563 2211 1623 ego
2267 1538 2470 1621 fugi0,
2524 1551 2597 1600 tu

692 1642 1114 1726 persequeris,
1172 1665 1290 1725 ego
1357 1660 1684 1727 utcunque
1754 1664 2036 1721 veneror,
2094 1653 2165 1704 tu
2234 1638 2597 1704 contemnis.

690 1743 806 1804 Me
852 1741 1130 1806 fortunae
1176 1742 1500 1828 iniquitas,
1547 1754 1612 1806 et
1665 1742 1754 1805 rei
1806 1741 2136 1805 familiaris
2179 1740 2491 1825 angustia,
2538 1753 2601 1803 te

693 1840 901 1907 fastus
923 1842 1355 1920 intolerabiliS,
1379 1856 1442 1907 et
1466 1843 1870 1928 inexplebilis
1892 1842 2178 1922 avaritia,
2200 1841 2404 1904 furem
2426 1841 2599 1905 facit.

695 1944 767 2008 Si
807 1943 1072 2007 fortuna
1111 1956 1594 2020 mansuesceret,
1627 1946 1842 2007 fierem
1888 1944 2052 2006 forte
2082 1942 2320 2007 melior.
2409 1947 2495 2006 At
2527 1954 2600 2007 tu

604 2067 606 2070 ’
697 2064 830 2126 quo
862 2044 1269 2120 fortunatior,
1300 2067 1375 2106 eo
1405 2045 1675 2128 nequior
1703 2044 1847 2107 eris.
1924 2045 2204 2107 Miratus
2234 2042 2602 2106 Alexander

694 2145 1116 2209 constantiam
1141 2146 1414 2210 hominis
1437 2169 1579 2210 eum
1608 2147 1833 2210 merito
1857 2149 2211 2230 arguentis:
2262 2146 2603 2232 Experiar,

696 2244 933 2330 inquit,
963 2268 1042 2309 an
1073 2247 1333 2311 futurus
1357 2248 1439 2311 sis
1469 2245 1713 2324 melior,
1735 2248 2190 2333 fortunamque
2221 2249 2503 2321 mutab0,
2529 2260 2600 2311 ut

695 2368 822 2410 non
884 2348 942 2410 ei
995 2371 1034 2411 a
1082 2349 1272 2412 modo
1322 2350 1498 2434 quod
1551 2350 1917 2435 deliqueris»,
1970 2350 2079 2413 sed
2134 2350 2264 2413 tuis
2315 2350 2601 2413 moribus

698 2447 1118 2513 adscribatur.
1194 2451 1367 2512 Eum
1414 2451 1629 2536 itaque
1651 2452 1843 2536 jussit
1890 2451 2199 2513 conscribi
2231 2449 2499 2528 militiae,
2531 2461 2605 2513 ut

696 2561 914 2632 posset
943 2549 1170 2613 exinde
1217 2550 1404 2614 salvis
1436 2551 1687 2636 legibus
1729 2551 2019 2614 militare.
2111 2548 2235 2610 Sed
2272 2570 2351 2610 ne
2381 2571 2419 2610 a
2458 2549 2606 2610 solis

702 2645 948 2711 Groecis
972 2660 1342 2713 mutuemur
1365 2650 1786 2713 instrumenta
1808 2651 2137 2712 virtutum.
2187 2646 2398 2729 Scipio
2432 2646 2607 2708 Afri-

697 2768 916 2823 canus,
940 2771 1138 2834 quum
1171 2773 1315 2814 eum
1349 2773 1572 2835 parum
1608 2769 1958 2833 pugnacem
1990 2746 2250 2832 quidam
2280 2758 2604 2828 argueret:

701 2848 1186 2933 Imperatorem,
1233 2850 1468 2934 inquit,
1517 2873 1616 2914 me
1667 2862 1868 2912 mater
1918 2847 2188 2932 peperit,
2238 2869 2365 2911 non
2416 2846 2610 2910 bella-

700 2960 928 3012 torem.
1007 2951 1259 3012 Marius
1290 2971 1545 3032 quoque
1574 2970 1774 3032 quum
1807 2969 1950 3010 eum
1984 2950 2318 3011 Teutonus
2347 2945 2609 3032 quidam

700 3045 780 3112 ad
812 3068 1054 3131 pugnae
1085 3057 1400 3108 certamen
1442 3058 1839 3128 provocaret,
1869 3044 2220 3128 respondit,
2252 3046 2305 3109 si
2336 3044 2612 3129 cupidus

699 3149 931 3211 mortis
959 3160 1146 3222 esset,
1166 3169 1228 3210 se
1255 3146 1446 3209 vitam
1468 3146 1698 3230 laqueo
1718 3169 1901 3230 posse
1923 3144 2154 3221 finisse,
2176 3158 2238 3209 et
2262 3148 2607 3232 sapientem

697 3268 824 3310 non
869 3259 1000 3310 tam
1033 3268 1314 3331 pugnam
1361 3268 1553 3331 quam
1587 3246 1909 3310 victoriam
1958 3266 2264 3330 quaerere.
2356 3244 2612 3309 Primus

701 3347 1146 3411 Romanorum
1201 3349 1556 3433 Imperator
1600 3348 1822 3411 Julius
1867 3349 2082 3411 Caesar
2126 3369 2318 3431 quam
2366 3350 2611 3432 patien-

699 3447 940 3513 tissime
961 3447 1165 3511 multa
1188 3448 1511 3512 sustinuit.
1575 3450 1791 3525 Quum
1815 3447 1980 3510 enim
2001 3447 2321 3512 calvitium
2346 3448 2611 3533 iniquis-

704 3547 861 3611 sime
891 3547 1108 3626 ferret,
1137 3559 1200 3611 et
1245 3547 1641 3611 deficientem
1672 3546 1970 3631 capillum
2016 3569 2054 3609 a
2098 3547 2339 3610 cervice
2381 3570 2613 3612 convo—

701 3659 873 3711 caret
905 3645 985 3709 ad
1019 3647 1317 3727 frontem,
1345 3648 1427 3711 ab
1457 3649 1622 3711 irato
1652 3648 1855 3711 milite
1885 3646 1943 3710 ei
1974 3647 2216 3711 dictum
2247 3660 2378 3712 est:
2430 3650 2612 3713 Faci-

703 3746 829 3810 lius
857 3760 954 3810 est
979 3749 1193 3811 Caesar
1217 3759 1280 3811 te
1297 3746 1547 3810 calvum
1572 3769 1696 3810 non
1722 3769 1878 3823 esse,
1900 3769 2090 3832 quam
2119 3769 2217 3810 me
2240 3747 2304 3810 in
2323 3749 2612 3814 exercitu

705 3849 998 3910 Romano
1028 3848 1374 3933 quicquam
1405 3848 1626 3932 egisse,
1665 3848 1761 3911 vel
1810 3861 2105 3912 acturum
2134 3872 2267 3913 esse
2309 3849 2611 3916 timidius·

709 3945 892 4008 Idem
915 3945 1044 4009 lato
1063 3946 1246 4010 clavo
1262 3969 1468 4032 usque
1490 3947 1573 4012 ad
1595 3969 1737 4010 man
1747 3971 1819 4011 us
1838 3948 2157 4012 fimbriato
2183 3961 2385 4025 utenS,
2406 3950 2615 4012 laxius

707 4044 1104 4129 cingebatur.
1173 4046 1361 4111 Unde
1394 4047 1594 4131 Sylla,
1619 4048 1956 4133 optimates
1986 4050 2220 4134 saepius
2249 4048 2612 4122 admonens,

710 4145 987 4227 dicebat,
1019 4157 1091 4209 ut
1123 4169 1387 4230 puerum
1423 4149 1585 4211 male
1614 4149 2028 4231 praecinctum
2060 4159 2373 4211 caverent.
2446 4144 2619 4205 Prae-

713 4261 884 4311 terea
919 4247 1403 4330 margaritarum
1450 4248 1896 4331 cupidissimus
1936 4260 2095 4323 erat,
2135 4267 2320 4329 quas,
2364 4242 2647 4325 pondus?
2794 4324 2805 4325 ἶ
2841 4324 2849 4325 7
2914 4324 2917 4325 ⁷

1619 4354 1729 4408 ΡΩ
