3309 5309
693 680 832 728 car.
865 661 990 742 1v.]
1399 675 1907 722 POLYCRATICUS.
2474 663 2599 721 273

690 833 994 906 domitor,
1016 827 1349 906 HerculeS,
1373 826 1487 912 qui
1509 849 1584 889 eo
1612 826 1753 912 ipso
1768 828 1833 890 in
1867 849 1931 890 se
1950 827 1996 889 J
1999 847 2177 889 ovem
2204 837 2593 911 protestatus

691 945 812 1009 est,
840 930 1017 1018 quod
1048 950 1290 1013 angues
1327 926 1656 1014 jugulavit
1696 926 1758 990 in
1802 927 2001 991 cunis,
2090 929 2222 991 Aut
2264 924 2488 1005 officie,
2520 938 2591 989 ut

691 1033 1048 1120 pontifices,
1077 1029 1537 1116 praefectosque
1583 1051 1924 1095 sacrorum.
2015 1032 2149 1094 Aut
2188 1028 2493 1105 moribuS,
2526 1039 2598 1090 ut

691 1134 1130 1223 philosophos,
1153 1131 1267 1217 qui
1291 1130 1517 1194 mentis
1533 1130 1769 1194 divinae
1791 1130 2092 1195 haustum
2110 1129 2597 1213 investigatione

690 1248 756 1303 et
782 1236 1250 1323 dispensatione
1291 1231 1615 1318 sapientiae
1653 1231 1958 1298 indicant.
2046 1235 2177 1297 Aut
2215 1231 2599 1306 conditione,

694 1350 770 1402 ut
817 1359 984 1424 quos
1022 1335 1200 1399 favor
1243 1332 1521 1397 numinis
1551 1331 1806 1409 extulit,
1837 1345 1908 1397 ut
1952 1331 2089 1395 aliis
2126 1343 2489 1416 praeessent‚
2521 1353 2600 1393 ex

699 1460 896 1505 causa
923 1437 1140 1524 potius
1168 1434 1486 1514 familiari,
1516 1455 1708 1519 quam
1753 1432 1958 1496 officio
2000 1433 2284 1518 publico.
2380 1435 2634 1510 Sermo,

700 1538 965 1626 quidem
1018 1537 1306 1625 perfidus
1355 1549 1472 1614 est,
1522 1548 1584 1600 et
1634 1535 1807 1598 omni
1860 1533 2299 1620 reprobatione
2350 1535 2605 1619 dignuS,

702 1663 1052 1726 sensusque
1109 1639 1475 1714 verborum,
1529 1637 1643 1724 qui
1704 1636 2162 1721 Philosophum
2223 1658 2345 1699 non
2404 1638 2607 1703 decet.

706 1741 832 1806 Sed
863 1742 1029 1806 forte
1059 1741 1222 1827 quid
1253 1741 1333 1805 de
1363 1751 1594 1805 natura
1620 1740 1900 1804 Deorum
1934 1739 2218 1815 sentiret,
2249 1739 2311 1802 in
2344 1740 2609 1804 auribus

703 1843 993 1929 corrupti
1044 1843 1267 1929 populi
1319 1840 1613 1928 proloqui
1674 1862 1797 1904 non
1850 1840 2153 1918 audebat,
2206 1840 2318 1926 qui
2372 1840 2611 1924 legerat
2682 1880 2688 1887 ·

703 1945 1078 2010 combustos
1100 1966 1233 2008 esse
1256 1943 1451 2007 libros
1476 1941 1850 2028 Philosophi
1876 1942 2285 2027 Pythagorae,
2305 1955 2368 2007 et
2399 1941 2610 2027 ipsum

707 2059 923 2110 actum
984 2067 1116 2109 esse
1174 2045 1240 2108 in
1292 2044 1552 2108 exilium
1614 2044 1698 2109 ab
1748 2043 2264 2122 AtheniensibuS,
2312 2068 2387 2107 eo
2438 2043 2612 2130 quod

707 2147 1140 2222 dubitaverat,
1170 2167 1252 2209 an
1291 2145 1374 2210 de
1417 2144 1538 2209 diis
1568 2167 1719 2208 vera
1760 2157 1987 2224 essent,
2018 2168 2165 2231 quae
2206 2145 2405 2231 vulgo
2447 2145 2615 2210 dice-

708 2247 966 2313 bantur.
1058 2247 1227 2324 Quid
1273 2270 1426 2333 ergo
1455 2247 1839 2311 contrarium
1883 2245 2147 2312 auderet
2176 2269 2470 2329 asserere,
2497 2250 2613 2336 qui

711 2371 825 2412 nec
867 2348 1067 2433 ipsam
1099 2348 1564 2413 dubitationem
1609 2349 1841 2412 erroris
1880 2359 2143 2412 noverat
2187 2348 2612 2434 impunitam?

711 2463 804 2514 est
831 2450 1048 2536 itaque
1078 2450 1418 2514 verisimile
1441 2449 1616 2535 quod
1640 2472 1881 2513 morem
1904 2449 2309 2515 auditoribus
2330 2454 2616 2536 gesserit,

712 2563 776 2616 et
810 2564 882 2616 ut
905 2575 1011 2615 eos
1031 2552 1112 2616 ab
1144 2551 1379 2616 illicitis
1401 2563 1745 2625 revocaret,
1770 2550 2015 2636 aliquid
2039 2549 2374 2614 indulsisse
2396 2555 2616 2616 errori.

717 2654 883 2716 Nam
914 2653 980 2717 in
1010 2653 1300 2719 doctrina
1328 2674 1597 2727 morum,
1631 2649 2169 2717 luculentissimus
2197 2663 2311 2715 est.
2390 2655 2619 2740 quue

713 2753 866 2818 huic
894 2754 1175 2841 opinioni
1205 2753 1457 2817 facilius
1495 2752 1847 2837 acquiescO,
1875 2750 2050 2836 quod
2083 2754 2426 2836 Apostolus
2467 2778 2620 2839 gen-

716 2859 902 2935 tium,
925 2856 1054 2920 fide
1086 2868 1293 2919 tamen
1327 2865 1391 2916 et
1414 2852 1717 2937 religione
1745 2851 2070 2931 incolumi,
2091 2853 2389 2917 omnibus
2410 2858 2622 2921 omnia

713 2956 926 3021 factus
955 2971 1071 3033 est,
1103 2967 1176 3019 ut
1217 2976 1436 3016 omnes
1463 2954 1883 3020 lucrifaceret.
1974 2959 2111 3019 Nos
2140 2968 2352 3019 autem
2384 2957 2622 3042 quibus

714 3057 796 3124 de
843 3057 1008 3122 coelo
1051 3057 1285 3119 veritas
1328 3055 1567 3132 illuxit,
1601 3078 1725 3119 non
1770 3057 2061 3134 deorum,
2092 3057 2202 3140 qui
2248 3056 2404 3120 nulli
2450 3073 2622 3133 sunt,

716 3159 825 3224 sed
861 3158 996 3220 veri
1021 3157 1145 3220 Dei
1175 3156 1500 3235 ministris,
1529 3171 1605 3222 etr
1625 3158 1865 3236 amiciS,
1883 3180 2175 3244 magnam
2209 3161 2623 3225 reverentiam

717 3259 1038 3324 credimus
1068 3257 1493 3322 exhibendam
1517 3285 1536 3340 ;
1582 3259 1694 3323 sed
1722 3272 1787 3324 et
1816 3260 2085 3324 inimicis
2114 3260 2250 3346 ejus
2276 3259 2622 3340 interdum,

720 3360 1023 3447 quoniam
1067 3360 1188 3423 hoc
1233 3359 1366 3446 ipse
1409 3360 1741 3448 praecepit,
1785 3362 1900 3447 qui
1945 3384 2112 3448 saepe
2158 3361 2494 3427 maximam
2542 3366 2626 3430 ad

721 3460 1143 3526 eruditionem
1177 3482 1462 3541 suorum,
1491 3461 1781 3548 pessimis
1811 3462 2174 3527 hominibus
2216 3465 2485 3530 contulit
2517 3491 2627 3552 po-

723 3575 1039 3629 testatem.
1115 3563 1306 3630 Unde
1334 3563 1533 3629 illud:
1579 3565 1869 3651 Subjecti
1899 3576 2099 3629 estote
2131 3567 2303 3629 omni
2333 3567 2629 3634 humanae

726 3677 1038 3729 creaturae
1067 3678 1333 3751 propter
1373 3669 1608 3744 Deum,
1641 3670 1779 3732 sive
1825 3667 1979 3752 regi,
2009 3668 2190 3754 quasi
2222 3671 2631 3755 praecellenti,

727 3763 859 3827 sive
904 3762 1200 3844 ducibus,
1253 3777 1557 3851 tanquam
1612 3768 1694 3832 ab
1755 3791 1831 3831 eo
1888 3767 2094 3832 missis
2150 3768 2231 3832 ad
2284 3769 2629 3838 vindictam

727 3863 1228 3946 malefactorum,
1251 3866 1503 3932 laudem
1524 3891 1677 3933 vero
1698 3869 2032 3935 bonorum.
2092 3871 2182 3935 Et
2207 3870 2398 3938 illud:
2450 3874 2632 3940 Servi

729 3965 970 4031 subditi
1014 3980 1215 4032 estote
1260 3969 1551 4034 Dominis
1595 3971 1843 4051 vestris,
1870 3993 1996 4035 non
2037 3982 2286 4037 tantum
2334 3975 2520 4040 bonis
2564 3990 2628 4040 et

729 4067 1052 4147 modestis,
1077 4069 1188 4133 sed
1215 4070 1404 4134 etiam
1428 4072 1726 4159 dyscolis.
1786 4073 1989 4139 Amici
2014 4075 2273 4160 quidem
2299 4075 2465 4139 fiunt
2484 4077 2631 4156 Dei,

727 4181 843 4234 aut
859 4171 1086 4254 gratia,
1108 4173 1500 4238 cessantibus
1524 4175 1785 4256 meritis,
1806 4187 1881 4238 ut
1904 4176 2281 4252 Hieremias,
2301 4188 2365 4240 et
2384 4177 2433 4239 J
2432 4175 2633 4240 ohan-

730 4292 840 4334 nes
873 4272 1244 4339 sanctificati
1275 4287 1614 4360 antequam
1656 4275 1817 4353 nati,
1846 4290 1908 4338 et
1952 4298 2200 4358 gemma
2236 4278 2633 4342 sacerdotum

814 4392 957 4437 von.
990 4393 1093 4438 111.
1663 4397 1704 4440 ‘r
2543 4356 3013 4830 ss
