3309 5309
729 697 868 740 CAP.
903 657 1047 757 11.]'
1476 697 1985 741 PoLchulcus.
2508 684 2627 742 251

727 867 872 909 cum
917 845 1213 910 Christo:
1261 857 1327 910 et
1373 846 1683 910 sententia
1724 846 1982 931 quidem
2027 866 2173 908 vera
2216 857 2337 922 est,
2370 846 2421 908 si
2464 849 2629 910 inter

727 945 953 1008 mundi
999 944 1207 1022 flores,
1254 957 1511 1031 reputes
1555 945 1863 1010 lenocinia
1910 945 2228 1010 vitiorum.
2315 947 2520 1030 Atqui
2564 959 2627 1011 et

725 1069 904 1131 reges
945 1051 1170 1110 florere
1209 1060 1497 1132 possunt,
1539 1059 1602 1110 et
1649 1044 2067 1111 mundialium
2114 1045 2343 1110 florum
2392 1046 2627 1110 dulcis-

725 1149 914 1212 simos
937 1161 1001 1212 et
1028 1148 1393 1213 utilissimos
1414 1148 1478 1211 in
1500 1161 1808 1214 aeternum
1835 1171 2091 1234 carpere
2112 1149 2382 1214 fructus,
2450 1149 2625 1224 Quid

722 1263 939 1314 autem
979 1250 1228 1313 beatius
1263 1262 1380 1328 est,
1408 1273 1602 1334 quam
1648 1249 1699 1313 si
1742 1249 1822 1312 de
1853 1250 2096 1314 divitiis
2125 1250 2208 1313 ad
2239 1251 2512 1325 divitias,
2546 1251 2625 1314 de

721 1350 960 1415 delitiis
1008 1351 1090 1415 ad
1144 1350 1412 1431 delitias,
1455 1350 1536 1414 de
1586 1349 1791 1434 gloria
1841 1350 1920 1413 ad
1981 1350 2244 1434 gloriam
2295 1351 2623 1436 Principes

721 1451 1207 1530 transferantur,
1237 1451 1318 1514 de
1350 1450 1805 1536 temporalibus
1835 1450 1917 1513 ad
1947 1455 2232 1514 aeterna?

935 1726 1092 1809 Cap.
1131 1731 1226 1788 11.
1278 1727 1446 1798 Quae
1474 1727 1559 1786 sit
1585 1726 1719 1787 alia
1753 1745 1981 1787 merces
2009 1725 2417 1804 Principum.

807 1863 956 1923 NEC
1000 1870 1211 1922 tamen
1251 1842 1426 1942 quod
1461 1856 1660 1920 literae
1689 1860 1895 1941 prima
1936 1855 2128 1919 facies
2157 1856 2474 1940 promittit
2507 1880 2616 1920 ex-

717 1960 928 2031 clud0,
943 1983 1088 2045 quae
1101 1974 1163 2024 et
1176 1957 1349 2043 longi
1370 1958 1668 2044 temporis
1688 1981 1953 2042 regnum
1968 1958 2283 2044 promittit
2306 1959 2614 2042 patribuS,

715 2072 775 2124 et
807 2060 1090 2144 ejusdem
1124 2063 1584 2124 successionem
1614 2059 1939 2145 protendit
1969 2058 2050 2122 ad
2080 2058 2263 2134 filios,
2298 2059 2408 2145 qui
2448 2060 2615 2125 sicut

719 2147 1082 2246 temporalis
1130 2161 1333 2246 regni,
1385 2161 1476 2224 ita
1526 2173 1714 2224 erunt
1767 2174 1830 2224 et
1892 2173 2146 2226 aeternae
2197 2160 2615 2226 beatitudinis

718 2284 1119 2326 successores.
1212 2264 1356 2326 Scio
1400 2262 1565 2326 enim
1609 2262 1764 2348 quia
1810 2262 1911 2326 lex
1956 2262 2191 2327 carnali
2235 2263 2477 2349 populo
2520 2263 2608 2328 lo-

713 2363 1054 2446 quebatur,
1114 2364 1228 2448 qui
1287 2387 1394 2428 cor
1449 2364 1662 2430 adhuc
1725 2366 1962 2428 habens
2020 2365 2365 2450 lapideum,
2425 2366 2615 2431 incir-

711 2463 1029 2540 cumcisus
1080 2479 1308 2540 mente,
1354 2488 1480 2528 non
1528 2488 1736 2543 carne,
1779 2465 1977 2529 vitam
2025 2488 2105 2528 ex
2158 2449 2384 2547 magna
2428 2479 2610 2550 parte

647 2635 652 2640 ,
711 2564 1026 2628 nesciebat
1086 2580 1411 2643 aeternam,
1464 2566 1917 2648 magnifaciens
1975 2565 2026 2627 si
2078 2565 2136 2626 ei
2193 2565 2361 2628 bona
2422 2579 2608 2630 terroe

708 2665 1038 2743 darentur,
1089 2670 1187 2731 vel
1238 2668 1763 2752 promitterentur
1809 2666 1873 2728 in
1924 2665 2158 2729 cibum.
2251 2667 2610 2730 Carnaliter

706 2766 923 2852 itaque
968 2769 1231 2854 sapienti
1276 2770 1445 2831 facta
1490 2779 1583 2830 est
1624 2765 1953 2852 promissio
1998 2765 2224 2844 carnis,
2264 2778 2329 2830 et
2372 2768 2428 2828 ei
2465 2788 2611 2852 pro-

707 2870 899 2932 missa
949 2884 1043 2934 est
1104 2870 1486 2934 diuturnitas
1540 2868 1864 2954 temporis„
1915 2869 2025 2954 qui
2086 2869 2369 2933 nondum
2429 2892 2604 2954 spem

702 2985 1081 3056 conceperat
1121 2984 1374 3034 aeternae
1415 2970 1846 3049 beatitudinis,
1878 2984 1941 3034 et
1984 2971 2326 3059 temporale
2365 2972 2431 3035 in
2465 2994 2604 3035 suc·
2672 3028 2678 3033 .

701 3073 1049 3135 cessionem
1080 3070 1356 3132 filiorum
1394 3069 1800 3153 protenditur
1830 3092 2096 3153 regnum
2128 3069 2278 3146 illis,
2309 3070 2424 3154 qui
2451 3092 2606 3133 non-

700 3173 858 3236 dum
911 3172 1280 3256 quaerebant
1330 3183 1660 3235 aeternum.
1753 3171 1929 3235 Patri
1976 3193 2127 3254 ergo
2174 3170 2606 3257 temporaliter

703 3274 985 3337 succedit
1030 3271 1223 3348 filius,
1270 3271 1320 3334 si
1367 3272 1564 3356 patris
1603 3272 1924 3355 justitiam
1971 3271 2279 3355 imitatur.
2373 3273 2604 3354 Aufer,

700 3374 913 3459 inquit
971 3373 1286 3450 Salomon,
1335 3373 1726 3458 impietatem
1776 3372 1855 3435 de
1904 3371 2090 3436 vultu
2138 3373 2330 3456 regis,
2376 3386 2441 3438 et
2494 3377 2602 3438 fir-

702 3473 985 3540 mabitur
1018 3475 1276 3558 justitia
1320 3474 1590 3537 thronus
1624 3474 1781 3557 ejuS.
1877 3472 1944 3535 Si
1983 3473 2147 3537 enim
2192 3497 2231 3537 a
2276 3475 2481 3552 vultu,
2529 3478 2599 3541 id
2705 3508 2730 3529 ο

700 3587 821 3654 est,
851 3598 890 3638 a
936 3575 1260 3641 voluntate
1304 3575 1543 3640 recedit
1582 3575 1897 3659 impietaS‚
1926 3577 2126 3639 totius
2163 3576 2341 3660 regni
2381 3600 2597 3662 opera,

699 3677 881 3761 virga
911 3679 1253 3763 aequitatiS‚
1283 3688 1346 3741 et
1388 3679 1571 3743 cultu
1608 3676 1884 3764 justitiae
1925 3677 2314 3763 diriguntur.
2408 3680 2598 3745 Unde

698 3778 901 3842 illud:
979 3783 1121 3845 Rex
1168 3781 1281 3866 qui
1320 3780 1492 3844 sedet
1534 3781 1599 3843 in
1650 3780 1779 3843 sole
1810 3779 2065 3864 judicii,
2106 3781 2371 3866 dissipat
2413 3805 2596 3848 omne

699 3880 935 3943 malum
966 3881 1202 3946 intuitu
1237 3905 1371 3947 suo·
1440 3886 1609 3946 Ecce
1638 3893 1880 3966 quanto
1909 3881 2243 3968 privilegio
2271 3885 2595 3968 gaudeant

699 3984 1042 4069 Principes,
1084 3985 1322 4070 quibus
1364 3998 1437 4050 ut
1480 3985 1560 4047 de
1609 3998 1847 4048 aeterna
1892 3984 2285 4050 beatitudine
2328 3999 2592 4059 taceam,

697 4098 1112 4168 perpetuatur
1157 4089 1338 4170 regni
1379 4085 1602 4170 gloria,
1632 4086 1825 4150 etiam
1866 4085 1930 4147 in
1970 4107 2156 4150 carne
2193 4098 2257 4148 et
2288 4084 2593 4166 sanguine

696 4209 831 4251 suo.
893 4188 1226 4252 Gloriatur
1250 4188 1563 4252 Dominus
1587 4212 1650 4252 se
1674 4188 1879 4251 virum
1906 4188 2220 4252 invenisse
2243 4182 2591 4248 secundum

690 4309 798 4350 cor
828 4311 1038 4369 suum,
1069 4302 1131 4353 et
1163 4312 1365 4374 quum
1407 4312 1551 4352 eum
1584 4289 1647 4350 in
1694 4288 1875 4370 regni
1904 4289 2144 4373 apicem
2184 4280 2590 4370 postmodum

2437 4402 3013 4826 ss.
