3309 5309
489 656 552 717 tut
749 671 885 716 voanurs
902 671 1181 716 saansnnmansrs
1305 660 1388 733 [nra.
1405 673 1437 718 v.

485 823 570 908 quod
586 820 702 886 litterae
722 823 791 908 ejus
812 823 1010 908 antigraphae
1031 822 1212 888 ostendunt.
1259 824 1297 887 In
1320 824 1439 910 quibus

484 922 585 1009 quum
600 923 721 1010 aliquid
743 946 908 1010 nunquam
931 925 1072 990 suturam
1089 925 1251 1003 credebat,
1265 924 1347 990 illud
1369 925 1435 990 lore

482 1025 611 1090 dicebat
635 1025 675 1090 ad
707 1024 871 1091 Kalendas
900 1032 1039 1094 Groecas.
1101 1027 1305 1093 Masinissam
1336 1051 1435 1108 noua·

480 1127 638 1210 gesimnm
654 1126 758 1191 oetatis
772 1148 892 1192 annum
908 1140 1069 1212 agentem,
1084 1130 1218 1195 meridie
1232 1143 1309 1196 aute
1327 1131 1433 1195 taber-

480 1228 631 1294 naculum
657 1240 805 1311 stantem,
828 1232 879 1296 val
905 1230 1136 1312 ambulantem,
1162 1255 1276 1318 capere
1302 1233 1429 1298 solitum

480 1330 567 1395 cibos
581 1329 727 1415 legimus.
772 1335 809 1397 C.
827 1332 944 1397 Curius
958 1355 1059 1418 quum
1074 1333 1165 1399 victis
1178 1334 1221 1399 ab
1236 1357 1277 1398 eo
1293 1334 1429 1412 Sabinis,

477 1454 518 1495 ex
535 1433 671 1496 Senatus
686 1433 830 1497 consulto
844 1432 1051 1519 ampliaretur
1064 1433 1095 1498 ei
1109 1434 1223 1499 modus
1238 1435 1317 1520 agri,
1333 1457 1428 1522 quem

477 1535 687 1601 consummati
709 1535 826 1600 militas
847 1535 1058 1620 accipiebant,
1081 1536 1258 1620 gregalium
1284 1538 1428 1622 portione

476 1648 643 1702 contentus
669 1636 739 1712 fuit,
762 1635 883 1700 malum
906 1637 1009 1700 civem
1034 1635 1154 1713 dicens,
1177 1637 1229 1701 cni
1256 1659 1320 1702 non
1346 1653 1428 1703 esset

475 1741 572 1817 idem,
588 1740 673 1826 quod
689 1738 822 1813 caeteris,
839 1737 922 1804 satis.
962 1736 1111 1802 Universi
1126 1760 1255 1825 quoque
1269 1740 1427 1805 exercitus

474 1864 560 1928 soepe
575 1840 722 1906 notabilis
736 1838 797 1903 suit
811 1839 1017 1916 continentia,
1032 1837 1115 1904 sicut
1129 1840 1198 1924 ejus
1219 1839 1275 1928 qui
1298 1840 1358 1905 sub
1376 1841 1422 1907 M.

476 1945 596 2009 Scauro
621 1943 777 2027 insignem
806 1941 939 2026 gloriam
966 1941 1092 2009 meruit.
1144 1941 1229 2006 Nam
1260 1944 1422 2008 memoriae

472 2044 602 2109 tradidit
619 2045 756 2109 Scaurus
771 2042 999 2107 continentiam
1011 2041 1199 2108 militarem:
1217 2043 1423 2130 pomiferam,

470 2147 584 2233 inquit,
615 2148 772 2226 arborem,
801 2167 898 2231 quam
928 2145 961 2208 io
997 2144 1079 2230 pede
1114 2156 1289 2210 castrorum
1320 2148 1421 2213 luerat

470 2245 635 2330 complexa
650 2245 793 2321 metatio,
809 2258 969 2329 postremo
984 2245 1036 2310 die
1059 2246 1302 2312 concinentibus
1316 2271 1421 2314 aenea·

468 2346 600 2426 toribus,
616 2359 648 2412 et
670 2347 863 2411 abeuntibus
885 2348 988 2427 nobis,
1006 2349 1132 2414 intactis
1154 2349 1311 2416 fructibus
1332 2373 1419 2417 exer-

468 2450 549 2515 citus
584 2450 713 2537 reliquit
749 2449 944 2517 indemnem.
1006 2450 1166 2536 Auspiciis
1200 2474 1277 2537 ergo
1314 2454 1419 2540 Impe-

468 2551 589 2616 ratoriis
606 2550 740 2617 Caesaris
756 2549 934 2614 Domitiani
952 2551 1088 2635 Augusti
1105 2552 1300 2619 Germanico
1322 2554 1417 2633 bello,

465 2654 553 2741 quod
581 2654 685 2720 Julius
715 2651 826 2719 Civilis
854 2653 887 2716 iu
918 2652 1025 2717 Gallia
1051 2669 1203 2732 moverat,
1234 2657 1416 2741 Lingonum

466 2756 705 2843 opulentissima
734 2755 853 2831 civitas,
883 2777 957 2842 quae
992 2757 1033 2820 ad
1064 2756 1200 2821 Civilem
1230 2758 1416 2837 desciverat,

464 2881 564 2946 quum
580 2858 804 2924 advenientem
820 2858 861 2923 ab
876 2857 1017 2922 exercitu
1031 2859 1167 2924 Caesaris
1177 2862 1414 2946 populationem

462 2964 602 3039 timeret,
619 2960 705 3048 quod
729 2972 845 3044 praeter
868 2981 956 3044 spem
980 2959 1141 3042 inviolata,
1156 2962 1236 3027 nihil
1259 2987 1300 3029 ex
1320 2965 1414 3030 rebus

461 3064 526 3129 suis
555 3063 713 3138 amiserat,
745 3060 786 3125 ad
821 3061 1009 3147 obsequium
1045 3063 1183 3141 redacta,
1213 3068 1414 3154 septuaginta

461 3168 562 3233 millia
576 3179 769 3232 armatorum
784 3164 916 3230 tradidit
931 3165 1019 3230 mihi.
1064 3167 1210 3233 Lucilius
1235 3171 1414 3236 Mummius

460 3273 515 3359 qui
543 3271 698 3336 Corintho
723 3281 816 3354 capta
842 3289 905 3332 non
933 3268 1059 3333 ltaliam
1089 3271 1203 3347 solum,
1230 3273 1287 3337 sed
1315 3274 1411 3338 etiam

459 3368 653 3454 provinciam
681 3367 797 3432 tabulis
822 3367 996 3454 statuisque
1022 3369 1197 3454 exornavit,
1221 3371 1302 3436 adeo
1331 3372 1411 3437 nihil

458 3493 498 3534 ex
514 3469 672 3534 manubiis
687 3469 783 3534 tantis
797 3469 831 3532 in
847 3491 939 3533 suum
960 3471 1116 3535 convertit
1139 3494 1243 3548 usum,
1260 3486 1298 3539 ut
1311 3473 1409 3540 filiam

458 3572 526 3656 ejus
538 3571 666 3657 inopem
680 3574 815 3636 Senatus
827 3593 866 3635 ex
877 3571 1006 3658 publico
1017 3571 1182 3639 dotaverit.
1223 3575 1409 3641 Constantia

457 3696 584 3761 quoque
607 3698 706 3762 quum
723 3675 922 3761 expluribus
944 3677 1222 3761 stratagematibus
1243 3690 1362 3764 pateat,
1376 3679 1408 3743 io

455 3775 571 3839 virtute
600 3776 818 3841 Romanorum
847 3777 985 3841 maxime
1012 3779 1120 3845 claret.
1167 3779 1289 3845 Eorum
1311 3781 1408 3869 siqui·

454 3877 530 3942 dem
558 3876 796 3960 magnificentia
825 3892 858 3943 et
884 3880 1011 3958 virtute,
1038 3880 1063 3945 si
1090 3883 1235 3947 omnium
1260 3884 1405 3969 gentium

452 3980 592 4046 historiae
622 3979 833 4062 revolvantur,
859 3982 936 4047 nihil
966 3983 1081 4049 clarius
1110 3983 1208 4051 lucet.
1254 3986 1405 4052 Declarat

452 4085 513 4149 hoc
533 4080 718 4168 amplissimi
734 4081 883 4166 splendor
908 4086 1048 4172 Imperii,
1062 4109 1127 4174 quo
1151 4086 1277 4153 nullum
1302 4091 1405 4176 majus

451 4190 493 4253 ab
518 4186 659 4265 exordio,
690 4206 794 4271 neque
823 4187 996 4272 majoribus
1025 4188 1231 4255 incrementis
1259 4212 1407 4279 processu

451 4292 602 4379 continuo
628 4288 807 4366 dilatatum,
831 4287 971 4355 humana
995 4302 1099 4377 potest
1121 4293 1278 4359 memoria
1302 4316 1406 4378 recor-
