3309 5309
352 658 413 719 tat
606 668 741 739 Joruurs
758 664 1039 716 sanasuaamusu
1151 646 1301 726 [araur.

349 825 533 890 admittatur
547 827 710 900 exclusus,
726 824 776 886 vcl
791 822 953 886 emittatur
967 820 1122 896 inclusus,
1139 818 1218 882 dum
1234 838 1301 882 car-

349 928 399 988 nis
421 926 500 1006 gerit
522 926 642 988 luteum
671 924 903 986 indumentum.
946 923 1031 984 Eam
1061 922 1183 1004 quippe
1213 929 1303 982 tanta

349 1025 523 1087 subtilitate
538 1044 671 1086 necesse
683 1032 732 1086 est
743 1024 828 1100 exui,
842 1033 878 1086 ut
887 1044 943 1106 per
953 1019 1096 1083 foramen
1112 1040 1191 1082 acus
1199 1018 1302 1102 possit

350 1128 419 1191 sine
435 1128 522 1190 omni
539 1125 699 1190 attritione
715 1126 848 1189 transiri.
894 1123 1046 1208 Alioquin
1066 1123 1191 1205 integer
1205 1142 1300 1184 nemo

350 1228 523 1311 egreditur3
546 1230 625 1292 forte
636 1227 720 1306 ideo,
730 1229 805 1310 quia
815 1249 968 1310 capacem
979 1227 1063 1288 hanc
1075 1225 1208 1288 aream“
1218 1224 1301 1306 Styx

349 1331 462 1395 novies
476 1329 630 1393 interfusa
649 1330 804 1392 coercet.'’
849 1328 936 1405 Vidi,
952 1327 1058 1411 inquit
1073 1326 1301 1402 EcclesiasteS,

350 1445 468 1497 cuncta
497 1434 557 1495 sub
581 1432 659 1507 sole,
688 1441 721 1494 et
742 1453 819 1495 ecce
841 1431 948 1494 statim
971 1429 1078 1492 omnia
1107 1429 1243 1505 vanitas,
1263 1449 1300 1491 eo

353 1531 439 1614 quod
459 1531 576 1608 omnia,
599 1553 672 1615 quae
695 1552 714 1593 a
736 1529 839 1594 solido
863 1529 1003 1592 veritatis
1025 1538 1109 1592 statu
1139 1526 1301 1603 recedant,

350 1632 492 1710 vanitati,
516 1653 586 1716 quae
613 1645 752 1695 nostram
784 1630 985 1694 Comoediam
1010 1631 1133 1710 deceat,
1158 1629 1303 1714 subjecta

350 1743 435 1796 suut.
480 1732 621 1795 Vanitati
633 1732 719 1796 enim
731 1732 875 1815 subjecta
886 1743 936 1793 est
946 1741 1088 1795 creatura
1098 1753 1165 1793 non
1181 1732 1300 1794 volens.

350 1835 442 1898 Licet
457 1834 542 1897 eninr
557 1855 670 1896 novem
686 1834 829 1908 orbibus,
852 1833 918 1895 sive
934 1832 1039 1915 globis
1055 1833 1162 1914 potius
1177 1831 1301 1896 sedium

349 1947 526 2000 nostrarum
549 1935 704 1998 habitatio
727 1946 795 1998 tota
823 1933 999 2012 claudatur,
1021 1933 1171 1996 omnibus
1195 1945 1300 1998 tamen

351 2037 545 2121 quandoque
569 2037 796 2117 egrediendum
818 2049 876 2114 est,
894 2057 1069 2120 omnesque
1092 2036 1224 2098 Charon
1247 2035 1299 2098 ille

350 2139 559 2201 inexorabilis
575 2150 696 2202 vetusta
711 2139 761 2201 sui
776 2140 928 2222 temporis
943 2159 1024 2202 nave
1034 2138 1179 2222 trajiciet.
1225 2141 1300 2202 Om-

350 2242 446 2303 nibus
467 2261 594 2323 quoque
617 2238 878 2315 succedentem,
900 2252 932 2302 et
955 2240 1000 2302 sic
1025 2240 1183 2302 transiens
1205 2240 1300 2303 homo

350 2355 459 2405 manet
480 2341 514 2402 in
537 2341 658 2423 specie,
682 2341 951 2423 quemadmodum
975 2364 1058 2425 aqua
1080 2353 1301 2425 praetereunte,

349 2455 444 2506 notus
459 2443 562 2504 amuis
577 2452 684 2503 manet
699 2442 731 2503 in
748 2443 889 2505 flumine.
935 2443 1001 2506 Ubi
1014 2455 1097 2519 sunt,
1112 2443 1229 2527 inquit,
1244 2444 1301 2505 viri

349 2555 507 2628 potenteS,
524 2545 565 2606 ab
581 2543 674 2605 iuitio
690 2542 827 2606 scientes
847 2545 977 2623 bellum,
993 2556 1049 2608 aut
1063 2544 1119 2628 qui
1135 2545 1168 2606 in
1188 2546 1301 2608 avibus

350 2647 422 2709 coeli
437 2643 562 2721 ludunt,
582 2653 613 2706 et
628 2645 844 2708 thesaurizant
862 2647 925 2708 sibi
939 2668 1062 2724 aurum,
1081 2646 1115 2709 in
1136 2668 1200 2729 quo
1223 2665 1299 2710 con-

348 2746 453 2809 fidunt
465 2745 623 2822 hominos,
633 2746 804 2828 jungentes
814 2769 926 2827 agrum
941 2770 1025 2831 agro,
1035 2747 1166 2811 domum
1178 2748 1300 2824 domui,

349 2868 450 2931 usquc
474 2848 515 2911 ad
532 2848 683 2911 terminos
704 2849 778 2927 loci,
794 2859 827 2912 et
841 2872 907 2912 non
922 2862 971 2914 est
992 2851 1066 2914 finis
1088 2851 1300 2934 possessionis

351 2971 469 3013 eornm.
514 2950 694 3033 Statimque
711 2950 859 3034 subjecit,
874 2952 961 3035 quod
983 2974 1044 3015 usu
1059 2963 1092 3015 et
1113 2952 1299 3016 assiduitate

342 3052 413 3136 jam
435 3052 583 3114 omnibus
605 3072 790 3134 persuasum
812 3064 881 3115 est:
906 3053 940 3115 hi
962 3053 1144 3132 adinferos
1166 3054 1300 3118 descen·

349 3153 474 3227 derunt,
490 3152 585 3214 etalii
597 3153 629 3214 iu
644 3154 750 3215 locum
763 3153 887 3216 illorum
898 3167 1128 3219 successerunt.
1175 3158 1297 3220 Verun-

348 3262 457 3316 tamen
468 3255 549 3315 bene
566 3273 638 3315 cum
649 3252 887 3335 egredientibus
902 3255 1017 3337 agitur,
1028 3255 1081 3339 qui
1098 3279 1162 3320 non
1180 3259 1220 3320 ab
1235 3257 1297 3320 hoc

347 3353 481 3414 fortunae
503 3350 581 3414 ludo
597 3354 836 3429 transferuntur,
855 3353 1007 3437 ejiciendi
1029 3355 1062 3417 in
1079 3359 1227 3421 tenebras
1242 3379 1298 3420 ex·

349 3452 491 3528 teriores,
513 3454 568 3515 ubi
591 3455 648 3517 erit
670 3457 763 3518 fletus
779 3467 810 3518 et
833 3454 949 3519 stridor
963 3458 1118 3535 dentium,
1140 3472 1173 3524 et
1186 3462 1241 3545 qui
1255 3461 1295 3524 ab

347 3553 438 3635 aquis
452 3552 581 3632 nivium,
605 3577 685 3639 quas
700 3568 830 3621 sanctus
847 3559 911 3621 Job
932 3571 1170 3642 commemorat,
1190 3565 1232 3628 ad
1248 3587 1300 3629 ca·

350 3655 449 3716 lorem
479 3654 611 3718 nimium
637 3658 768 3721 minime
799 3671 973 3724 transeunt.
1019 3665 1110 3727 Bene
1134 3687 1209 3728 cum
1237 3667 1301 3730 illis

348 3749 464 3830 agitur,
485 3752 538 3832 qui
560 3774 635 3816 suos
655 3767 846 3838 exspectant
865 3758 1006 3839 Elysios,
1028 3781 1108 3843 quos
1130 3764 1303 3846 praesentia

348 3874 405 3917 sua
415 3852 550 3935 justitiae
571 3856 616 3916 sol
641 3877 731 3919 verus
753 3857 897 3922 illustrata
944 3861 1009 3924 Sed
1032 3863 1110 3946 quid
1132 3877 1193 3940 est,
1215 3867 1302 3951 quod

348 3955 476 4038 Elysios
507 3975 638 4037 campos
660 3979 678 4019 a
700 3962 903 4025 mutabilium
931 3985 1037 4027 rerum
1066 3967 1167 4050 septis
1195 3970 1302 4034 verbis

347 4054 511 4120 excludo?
544 4057 638 4118 Certe
661 4079 719 4139 pro
741 4075 830 4143 parte
853 4066 970 4129 inclusi
992 4079 1077 4146 sunt,
1099 4081 1248 4152 patentes
1270 4073 1302 4134 in

344 4156 512 4221 latitudine
529 4159 680 4220 bonarum
692 4163 845 4227 mentium
858 4190 867 4243 3
891 4168 1036 4250 quibusa
1045 4179 1134 4252 patre
1147 4173 1301 4236 luminum

349 4260 457 4324 datum
474 4269 532 4336 est,
549 4271 583 4322 ut
597 4260 630 4324 in
643 4262 755 4326 notitia
770 4277 916 4331 etamore
932 4271 1021 4347 boni,
1036 4280 1103 4343 1010
1118 4274 1171 4340 sui
1179 4273 1301 4358 agitatu
