3309 5309
751 650 892 695 cAP.
923 631 1017 710 v.]
1477 647 1985 692 ronranncns.
2572 637 2657 695 69

751 799 1111 885 explicare3
1181 822 1256 865 ea
1308 800 1773 880 tantummode,
1818 821 1965 884 quae
2016 796 2174 864 diras
2220 798 2401 862 samis
2443 799 2655 863 inedia

750 899 1176 985 pertulerunt,
1253 901 1601 987 supradicti
1682 899 2176 984 historiographi
2255 900 2652 963 sermonibus

749 999 1085 1084 proferam,
1141 1024 1277 1087 quo
1342 1001 1625 1087 legentes
1685 1000 1821 1063 haec
1882 998 2266 1084 intelligant,
2331 1011 2647 1083 quantum

743 1101 978 1186 piaculi
1039 1103 1145 1178 sit,
1205 1103 1440 1166 audere
1498 1103 1747 1187 aliquid
1799 1105 1863 1166 in
1922 1101 2280 1178 Christum,
2333 1112 2396 1165 et
2451 1122 2645 1187 quam

742 1204 1049 1287 gravibus
1079 1227 1232 1268 ausa
1251 1204 1576 1292 suppliciis
1597 1204 1953 1289 expientur.
2031 1204 2177 1288 Age
2195 1203 2438 1288 itaque,
2461 1201 2649 1288 quin-

741 1318 847 1369 tus
888 1306 1155 1392 Josephi
1200 1307 1608 1372 historiarum
1651 1307 1811 1371 liber
1858 1318 2133 1392 ponatur
2175 1306 2241 1369 in
2286 1304 2514 1382 medio,
2560 1327 2640 1368 ex

736 1430 871 1492 quo
929 1407 1132 1472 omnis
1189 1432 1404 1474 eorum
1463 1413 1757 1474 luctuosa
1830 1407 2147 1492 tragoedia
2203 1420 2638 1493 pernoscatur.

737 1508 1070 1572 Divitibus
1099 1522 1312 1573 autem
1343 1532 1734 1596 permanere,
1765 1511 2005 1595 inquit,
2036 1521 2146 1572 aut
2181 1509 2407 1593 perire,
2442 1530 2637 1572 unum

733 1622 933 1696 atque
985 1610 1156 1676 idem
1209 1624 1364 1676 erat.
1458 1612 1525 1675 Si
1584 1610 1750 1674 enim
1803 1612 1869 1675 in
1925 1610 2084 1673 urbe
2134 1610 2640 1694 permansissent,

733 1710 1114 1775 facultatum
1169 1735 1425 1776 suarum
1473 1736 1665 1777 causa
1708 1712 1967 1777 crimine
2008 1711 2281 1797 objectu,
2329 1710 2509 1796 quasi
2561 1709 2641 1773 de

733 1809 1212 1897 transfugiendo
1261 1813 1638 1897 cogitarent,
1685 1812 2185 1899 perimebintur.
2277 1813 2638 1874 Necessitas

734 1923 885 1976 v'ero
943 1913 1149 1991 famiS,
1203 1914 1614 1979 factiosorum
1669 1914 2017 1980 extollebat
2072 1911 2520 1998 arrogantiam,
2574 1924 2637 1976 et

736 2026 1082 2099 utrumque
1142 2017 1328 2080 simul
1389 2016 1600 2080 inedia
1656 2039 1804 2079 cum
1865 2015 2220 2080 temeritate
2292 2014 2629 2078 crescebat.

730 2116 996 2181 Publice
1051 2117 1307 2204 quidem
1362 2118 1756 2183 frumentum
1810 2139 2118 2203 nusquam
2169 2117 2427 2180 omnino
2472 2131 2631 2191 erat,

730 2218 836 2281 sed
870 2218 1176 2285 irruentes
1208 2221 1384 2284 urbis
1423 2220 1754 2307 praedones
1790 2219 2357 2307 perscrutabantur
2387 2218 2633 2295 domos,

726 2330 789 2381 et
821 2319 870 2382 si
903 2319 1061 2405 quid
1092 2321 1498 2397 invenissent,
1521 2335 1828 2407 tanquam
1852 2319 1930 2383 de
1955 2320 2080 2396 his,
2106 2320 2220 2405 qui
2252 2318 2630 2395 fefellerant,

723 2438 945 2502 poenas
975 2421 1328 2500 sumebant,
1359 2424 1412 2484 si
1442 2444 1592 2484 vero
1621 2444 1747 2484 non
1778 2421 2185 2499 invenissent,
2216 2420 2631 2484 nihilominus

726 2530 1027 2605 tanquam
1046 2546 1175 2599 eos,
1197 2525 1307 2608 qui
1332 2522 1645 2587 occultius
1668 2536 1728 2587 et
1749 2522 2120 2607 diligentius
2142 2521 2627 2598 absconderant,

718 2617 1106 2689 cruciabant.
1229 2624 1547 2688 Indicium
1610 2647 1764 2689 vero
1822 2625 1904 2689 ab
1962 2625 2054 2689 eis
2113 2623 2331 2688 haberi
2389 2623 2631 2708 pabula

717 2723 1051 2808 capiebant
1081 2726 1201 2790 hoc
1224 2727 1385 2810 ipsu,
1418 2725 1593 2812 quod
1625 2726 1837 2791 adhuc
1858 2726 2162 2815 viverent,
2185 2737 2247 2789 et
2280 2724 2623 2789 subsistere

713 2826 1091 2910 corporibus
1149 2826 1553 2906 videbantur,
1607 2839 1908 2912 tanquam
1972 2825 2085 2912 qui
2149 2825 2434 2911 profecto
2482 2826 2621 2910 jam

712 2923 1120 3004 interiissent,
1168 2927 1290 2990 nisi
1335 2927 1740 2992 absconditos
1787 2928 2030 3014 uspiam
2088 2938 2373 3012 tegerent
2425 2926 2615 2992 cibos.

715 3027 786 3088 Si
832 3047 995 3110 quos
1039 3051 1186 3092 sane
1240 3029 1630 3093 tabescentes
1682 3031 1880 3094 macie
1934 3029 2259 3105 vidissent,
2306 3028 2421 3091 hos
2472 3051 2618 3091 cum

709 3128 896 3189 venia
916 3128 1350 3212 praeteribant,
1373 3133 1763 3215 superfluum
1787 3142 2087 3216 putantes
2105 3132 2435 3214 perimere,
2457 3152 2619 3214 quos

708 3227 906 3314 paulo
935 3242 1081 3315 post
1111 3230 1473 3294 absumeret
1504 3230 1720 3297 fames,
1791 3229 1986 3297 Multi
2022 3245 2227 3295 tamen
2261 3231 2325 3293 in
2356 3230 2617 3296 occultis

663 3353 674 3360 ·
708 3330 883 3394 omni
913 3355 1102 3396 censu
1136 3356 1254 3398 suo
1277 3334 1536 3398 mercati
1562 3346 1711 3398 sunt
1743 3356 1942 3398 unum
1976 3340 2272 3411 metrum,
2298 3335 2350 3397 si
2380 3332 2612 3398 divites

707 3434 1029 3516 frumenti,
1074 3449 1137 3500 et
1185 3434 1403 3499 hordei
1451 3434 1501 3499 si
1545 3434 1874 3499 inferiores
1915 3434 2200 3515 fuerunt,
2242 3449 2307 3500 et
2358 3434 2609 3500 conclu-

704 3534 927 3600 dentes
947 3561 1010 3601 se
1023 3537 1088 3600 in
1106 3537 1515 3603 interioribus
1532 3537 1896 3624 quibusque
1909 3538 2338 3624 penetralibus
2356 3537 2607 3621 domm,

700 3635 993 3701 nonnulli
1022 3661 1136 3702 nec
1163 3639 1230 3702 in
1263 3661 1457 3723 panes
1484 3638 1802 3704 confectas
1830 3638 2047 3724 fruges
2080 3638 2388 3704 edebant:
2467 3639 2602 3705 Alii

700 3762 850 3802 vero
880 3739 944 3803 in
975 3752 1288 3826 quantum
1321 3739 1418 3804 vel
1450 3739 1803 3816 necessitaS‚
1829 3739 1926 3804 vel
1952 3752 2159 3804 metus
2181 3741 2601 3826 permitteret,

696 3841 1159 3925 excoquebant.
1233 3845 1324 3907 Et
1355 3865 1633 3906 mensam
1656 3842 1918 3928 quidem
1951 3841 2167 3907 nullus
2188 3844 2598 3933 exspectabat

699 3942 956 4029 apponi,
991 3943 1098 4008 sed
1131 3966 1206 4006 ex
1249 3942 1390 4029 ipso
1430 3943 1733 4009 semiusta
1769 3944 1903 4030 igni
1943 3945 2282 4031 rapienteS,
2311 3944 2595 4030 propria,

698 4045 875 4109 velut
905 4044 1166 4122 furtiva,
1198 4045 1626 4121 devorabant3
1676 4060 1737 4112 et
1777 4061 1910 4113 erat
1950 4047 2217 4111 infelicls
2258 4046 2433 4110 illius
2467 4046 2596 4111 cibi
2804 4138 2811 4139 ἶ
2864 4138 2939 4139 W

691 4147 1121 4232 spectaculum
1135 4146 1506 4226 miserabile,
1519 4173 1721 4235 quum
1740 4150 2068 4214 validiores
2080 4152 2236 4232 quiq
2248 4172 2324 4212 ue
2336 4138 2608 4212 inventa?

689 4247 1086 4334 diriperent;
1164 4247 1585 4315 imbecillibus
1644 4273 1795 4314 vero
1854 4248 2009 4314 nihil
2037 4263 2296 4336 'praeter
2344 4248 2525 4320 luctu
