3309 5309
350 641 422 686 cin.
438 626 534 701 xus]
698 640 951 689 eonrcnsrrcus.
1268 631 1309 687 55

348 806 404 856 tus
419 804 480 871 est,
495 793 604 858 asinus
622 792 764 866 inutilis;
797 794 855 859 eui
879 792 1035 857 utilissimi
1052 792 1126 867 sint,
1142 790 1182 855 ad
1205 794 1308 878 perse-

347 892 450 957 renda
465 916 572 958 onera.
618 898 736 981 Equus
762 893 956 981 quandoque
977 894 1078 958 bonus
1096 906 1163 974 est3
1194 893 1249 958 sed
1274 895 1304 958 in

346 1014 389 1056 eo
410 994 491 1057 nihil
514 993 635 1076 utilius,
659 1018 756 1082 quam
780 995 868 1083 quod
892 995 1039 1059 humanis
1061 996 1173 1059 usibus
1195 997 1303 1061 servit.

349 1097 462 1162 Habet
476 1120 553 1161 vero
562 1096 747 1183 jurgiorum
762 1111 793 1162 et
809 1119 928 1182 pugnae
944 1097 1215 1183 significationem.
1252 1100 1306 1162 In-

349 1198 479 1263 terdum
510 1211 615 1264 tamen
640 1222 682 1264 ex
705 1200 810 1264 colore
835 1215 867 1265 et
892 1200 963 1265 risu
986 1199 1162 1285 mitigatur.
1212 1200 1305 1266 Unde

349 1300 438 1384 apud
465 1300 646 1385 Virgilium,
670 1300 744 1364 visis
769 1299 850 1366 albis
875 1300 979 1388 equis,
1001 1314 1174 1386 apparente
1201 1302 1306 1380 ltalia,

348 1399 455 1463 senior
472 1400 628 1465 Anchises
643 1400 816 1465 exclamat:

492 1508 606 1573 Bellum,
619 1525 634 1560 ο
646 1507 744 1561 bellum
756 1514 825 1561 terra
836 1510 941 1580 hospita
953 1516 1050 1581 portas.

348 1606 503 1684 Certum,
523 1606 717 1691 capreolum,
739 1628 917 1691 aprumque
937 1606 1125 1683 silvestrem,
1146 1630 1302 1692 onagrum

346 1718 380 1768 et
412 1718 525 1771 caetera
552 1708 650 1793 hujus
679 1706 815 1792 generiS,
841 1706 925 1770 malo
951 1707 1119 1793 prandenti
1150 1730 1303 1793 apponas,

348 1830 449 1892 quam
473 1808 574 1873 vianti
601 1832 753 1896 opponas.
808 1813 925 1873 AEneas
954 1809 1057 1873 cervis
1086 1832 1146 1895 pro
1175 1810 1303 1874 navium

348 1932 484 1974 numero
509 1911 598 1990 susis,
620 1934 711 1975 omen
735 1910 823 1996 quod
847 1912 1042 1976 contrarium
1059 1911 1240 1991 videbatur,
1262 1913 1302 1976 ad

350 2035 384 2075 se
414 2013 635 2099 sociorumque
665 2014 839 2089 fortunam,
870 2014 988 2079 virtute
1018 2014 1152 2080 retorsit.
1208 2016 1304 2079 Canis

350 2116 525 2201 sequipeda
539 2116 813 2181 commodissimus
830 2131 898 2183 est:
921 2119 1025 2203 cujus,
1040 2117 1066 2181 si
1081 2140 1156 2181 vera
1170 2130 1218 2183 est
1236 2120 1302 2184 He·

351 2217 511 2282 braeorum
542 2218 684 2295 traditio,
715 2242 771 2283 nec
801 2219 933 2305 angelus
962 2221 1030 2306 ipse
1060 2221 1176 2286 Tobiae
1201 2222 1305 2286 socius

350 2333 541 2405 aspernatus
556 2333 603 2384 est
619 2320 815 2386 comitatum.
861 2322 948 2400 Quid
964 2323 1052 2409 quod
1067 2325 1174 2409 Cyrus
1190 2323 1305 2389 scelere

349 2420 405 2483 avi
427 2422 592 2507 expositus
614 2421 645 2485 in
669 2422 756 2486 silvis
778 2434 814 2487 ut
837 2422 966 2508 periret,
980 2423 1130 2489 caniculae
1155 2424 1305 2490 uberibus

349 2542 484 2605 regnum
507 2521 645 2608 adeptus
667 2534 714 2586 est
736 2523 919 2585 Persarum.
964 2522 1107 2587 Locusta
1129 2525 1189 2588 etsi
1211 2525 1303 2588 mini-

348 2644 438 2687 mum
461 2624 571 2708 possit,
593 2624 811 2688 itinerantium
834 2636 941 2687 tamen
964 2622 1122 2707 praepedit
1146 2636 1241 2704 vota3
1264 2648 1303 2689 ex

346 2746 388 2787 eo
402 2723 486 2788 forte
508 2725 552 2790 sic
574 2724 672 2805 dicta,
687 2725 775 2809 quod
799 2723 868 2787 loco
888 2735 972 2788 stare
994 2722 1090 2787 faciat
1111 2725 1302 2809 gradientes.

347 2828 379 2889 E
392 2838 502 2888 contra
513 2824 622 2889 cicada
632 2824 761 2889 viatoris
773 2836 940 2909 promovet
950 2846 1107 2909 gressum,
1120 2837 1152 2890 et
1162 2826 1302 2893 initiato·

346 2948 420 2990 rum
442 2940 581 2992 amoenat
604 2926 738 2992 exitum.
784 2930 912 2990 Aranea
938 2926 1015 2990 dum
1042 2950 1061 2989 a
1087 2930 1304 3013 superioribus

347 3027 438 3092 filum
467 3027 568 3108 ducit,
593 3051 681 3114 spem
703 3040 846 3092 venturae
868 3028 1013 3115 pecuniae
1028 3029 1157 3094 videtur
1179 3030 1303 3093 afferre.

346 3129 476 3196 Obvius
483 3129 564 3191 bufo
578 3129 707 3193 futuros
722 3152 884 3193 successus
895 3129 1086 3201 denunciat;
1104 3130 1181 3193 mihi
1198 3143 1303 3196 tamen

346 3232 397 3295 rel
425 3229 494 3294 solo
517 3229 589 3293 visu
610 3233 763 3294 molestus
783 3242 842 3296 est.
887 3231 1102 3294 Veruntamen
1125 3231 1229 3296 omine
1249 3233 1303 3297 illo

346 3333 426 3399 nihil
450 3334 627 3420 potentius,
651 3330 730 3396 nihil
752 3330 910 3395 efficacius
934 3343 993 3411 est,
1014 3331 1094 3395 nihil
1121 3333 1302 3399 mortalium

346 3457 490 3521 unquam
502 3434 656 3510 invenies,
666 3432 755 3519 quod
768 3433 947 3499 evidentius
957 3434 1114 3519 exprimat
1127 3436 1301 3502 veritatem.

348 3538 452 3601 Porro
466 3536 493 3600 si
507 3548 608 3601 artem
623 3535 794 3623 diligenter
806 3539 982 3621 exequeris,
991 3536 1203 3603 conditionem
1220 3541 1302 3627 ejus,

346 3649 379 3703 et
403 3638 489 3704 dona
508 3651 643 3714 naturae,
659 3638 768 3716 situm,
783 3651 923 3723 gestum,
939 3650 1126 3725 motumque
1148 3643 1300 3728 corporis,

346 3763 540 3827 sensumque
563 3740 725 3819 sermonis,
742 3753 810 3805 tota
832 3741 949 3805 mentis
967 3742 1143 3805 intentione
1165 3745 1301 3809 notabis.

348 3842 551 3907 Sacerdotem
575 3842 706 3906 obvium
730 3841 868 3906 aliumve
889 3841 1085 3927 religiosum,
1101 3843 1212 3910 dicunt
1234 3869 1301 3910 esse

345 3944 533 4012 infaustum.
590 3946 664 4030 Ego
694 3968 825 4032 qnoque
859 3944 1071 4031 perniciosum
1101 3948 1207 4024 credo,
1238 3970 1300 4011 non

346 4046 443 4109 modo
458 4045 686 4122 sacerdotibus,
703 4048 759 4111 sed
776 4061 809 4112 et
826 4046 901 4110 viris
921 4048 1119 4134 sapientibus
1134 4050 1302 4113 contraire.

347 4148 470 4212 Melius
495 4171 624 4234 quoque
650 4161 697 4212 est
724 4150 853 4213 obviare
882 4150 969 4234 genti
1001 4173 1175 4225 servorum,
1202 4170 1300 4233 quam

344 4250 395 4316 his
421 4250 478 4336 qui
501 4274 624 4316 summa
650 4263 726 4316 sunt
753 4250 884 4337 praediti
908 4263 1076 4337 potestate.
1122 4248 1300 4316 Foeminam
