3309 5309
345 685 413 732 cte.
430 669 493 744 vn]
691 683 951 728 rotvcaarrcus.
1241 674 1304 730 2:37

345 851 392 900 est
420 837 583 920 Princeps,
608 834 754 899 exclusus
783 835 824 897 ab
850 835 992 910 ecclesia,
1020 849 1051 898 et
1080 836 1296 921 poenitentiam

346 952 474 1001 coactus
490 950 536 1000 est
552 935 679 1021 explere
698 935 868 998 solennem.
915 936 976 998 Sed
1001 937 1079 1020 quid
1103 960 1175 1001 eum
1201 952 1299 1002 tantae

346 1038 526 1103 necessitati
563 1038 765 1122 subjecerat?
811 1035 970 1102 Voluntas
1007 1039 1118 1123 utique
1158 1040 1301 1125 subjecta

340 1141 479 1226 justitiae
487 1139 597 1214 Dei,et
608 1138 747 1223 legiejus
761 1160 991 1223 usquequaque
1000 1140 1231 1226 obtemperans.
1256 1146 1301 1206 Et

347 1244 407 1304 nisi
424 1264 499 1325 quae
514 1240 645 1304 metrica
660 1239 788 1302 levitate
804 1239 999 1316 scribuntur,
1011 1241 1141 1305 duxeris
1157 1243 1302 1306 habenda

348 1342 535 1417 contemtui,
561 1364 600 1404 ex
627 1340 677 1403 his
703 1341 823 1425 quibus
852 1342 953 1404 filiuni
981 1342 1110 1406 iustruit
1136 1344 1223 1428 apud
1252 1345 1301 1408 Cl.

350 1443 576 1519 Claudianum,
600 1444 672 1529 quis
695 1443 764 1528 ipse
788 1444 818 1506 in
843 1444 978 1506 sacrario
1001 1467 1125 1506 morum
1148 1445 1300 1517 extiterit,

349 1551 460 1634 paucis
471 1567 632 1630 agnosces
658 1547 807 1609 Ceterum
821 1568 921 1630 quum
935 1545 1106 1629 praemissae
1119 1546 1196 1630 legis
1207 1548 1317 1611 verba·
1375 1608 1377 1612 .

347 1650 487 1725 revolvo,
500 1648 622 1733 singula
637 1647 714 1711 mihi
728 1648 879 1711 videntur
893 1660 1019 1722 onusta,
1032 1662 1064 1711 et
1080 1650 1170 1733 quasi
1184 1650 1298 1735 spiritu

347 1752 566 1838 intelligentiae
592 1751 775 1816 faecundata
800 1751 897 1813 menti
928 1766 1109 1815 occurrunt.
1156 1753 1299 1816 Habebit

348 1877 436 1939 ergo,
451 1856 569 1939 inquit,
585 1876 692 1917 secum
715 1852 830 1937 legem,
854 1853 1023 1938 providens
1046 1876 1085 1915 ne
1107 1853 1148 1916 ad
1171 1852 1300 1916 damna·

348 1955 463 2019 tionem
492 1978 593 2030 suam,
609 1977 710 2040 quum
738 1977 805 2016 eam
835 1954 950 2016 habere
977 1976 1100 2016 necesse
1116 1955 1168 2032 sit,
1184 1955 1300 2018 habeat

349 2071 459 2121 contra
475 2080 516 2120 se.
561 2059 719 2119 Potentes·
731 2056 849 2119 etenim
871 2068 1018 2140 potenter
1041 2068 1198 2120 tormenta
1220 2057 1301 2141 pati-

349 2172 451 2223 entur.
501 2158 542 2222 Et
554 2158 690 2242 adjecit3
716 2158 863 2242 legetque
878 2157 969 2222 illud.
1008 2160 1123 2243 Legem
1142 2159 1299 2245 siquidem

350 2262 465 2324 habere
480 2261 511 2323 iu
529 2260 664 2323 mantica
679 2283 791 2346 parurn
813 2259 954 2344 prodest,
970 2259 1029 2322 nisi
1044 2260 1180 2324 fideliter
1195 2276 1300 2324 custo-

349 2363 458 2427 diatur
472 2363 504 2426 in
520 2363 633 2426 anima.
678 2362 828 2446 Legenda
849 2376 896 2424 est
919 2385 996 2446 ergo
1017 2364 1165 2427 omuibus
1187 2364 1301 2426 diebus

349 2465 423 2530 vitae
444 2488 519 2529 suae.
565 2469 617 2528 Ex
641 2464 759 2549 quibus
781 2463 904 2549 liquido
927 2477 1061 2541 constat,
1076 2488 1173 2548 quam
1197 2488 1300 2529 neces-

350 2567 432 2629 saria
461 2567 501 2630 sit
532 2565 733 2650 Principibus
763 2565 879 2649 peritia
908 2563 1084 2639 literarum,
1112 2565 1169 2647 qui
1200 2565 1300 2648 legem

350 2668 482 2731 Domini
511 2666 655 2752 quotidie
684 2669 846 2727 revolvere
877 2663 1009 2725 lectione
1034 2664 1200 2747 jubentur.
1259 2664 1301 2728 Et

348 2770 430 2834 forte
443 2770 529 2855 quod
544 2767 720 2830 sacerdotes
733 2765 833 2848 legem
847 2763 991 2848 quotidie
1002 2767 1107 2848 legere
1114 2763 1300 2847 jubeantur,

349 2892 411 2932 non
440 2871 624 2952 frequenter
653 2865 803 2927 iuvenies.
864 2862 1015 2948 Princeps
1047 2887 1121 2925 vero
1155 2864 1300 2948 quotidie

348 2970 438 3055 legit,
466 2983 498 3032 et
522 2966 642 3030 cunctis
668 2966 781 3028 diebus
808 2966 894 3028 vitae.
949 2964 1035 3037 Quia
1064 2987 1129 3048 qua
1158 2965 1209 3027 die
1239 2988 1301 3028 non

347 3070 461 3154 legerit
478 3069 590 3150 legem,
608 3069 633 3129 ei
651 3090 714 3129 non
730 3067 797 3129 dies
812 3068 899 3141 vitae,
916 3066 970 3129 sed
993 3067 1104 3130 mortis
1123 3078 1181 3128 est.
1229 3067 1301 3128 Hoc

347 3171 460 3255 utique
484 3167 549 3230 sine
571 3167 759 3231 difficultate
781 3168 950 3231 illiteratus
972 3189 1035 3229 noo
1056 3167 1160 3230 faciet.
1206 3168 1302 3230 Unde

349 3272 428 3335 etin
445 3269 556 3343 literis,
572 3293 651 3354 quas
667 3292 771 3353 regem
800 3269 1017 3332 Romanorum
1043 3267 1084 3331 ad
1105 3270 1300 3332 Francorum

348 3393 455 3454 regem
472 3369 682 3432 transmisisse
699 3368 811 3446 recolo,
828 3369 946 3452 quibus
961 3369 1150 3431 hortabatur
1173 3383 1209 3431 ut
1225 3368 1302 3431 libe·

349 3493 401 3532 ros
416 3491 489 3532 suos
505 3466 689 3531 liberalibus
703 3467 878 3552 disciplinis
893 3467 1015 3531 institui
1032 3482 1227 3553 procuraret,
1240 3469 1299 3531 hoc

349 3572 432 3633 inter
447 3583 561 3634 caetera
577 3568 738 3652 eleganter
753 3569 881 3654 adjecit,
897 3569 975 3654 quia
999 3592 1054 3632 rex
1070 3570 1238 3634 illiteratus
1253 3588 1300 3634 est
1311 3595 1315 3604 ··

350 3672 442 3757 quasi
467 3672 573 3734 asinus
592 3684 769 3734 coronatus.
815 3672 850 3735 Si
876 3684 979 3734 tamen
1005 3694 1044 3733 ex
1069 3672 1302 3756 dispensatione

350 3773 392 3834 ob
422 3772 558 3855 egregiae
586 3771 713 3834 virtutis
744 3770 906 3844 meritum,
934 3770 1108 3857 principem
1138 3773 1300 3856 contingat

351 3895 417 3935 esse
443 3871 640 3946 illiteratum,
668 3872 803 3935 eundem
832 3873 884 3956 agi
911 3873 1124 3937 litteratorum
1152 3875 1302 3947 consiliis,

352 3987 389 4036 ut
403 3973 431 4036 ei
448 3995 497 4035 res
517 3986 604 4037 recte
628 3974 790 4059 procedat,
804 3998 932 4038 necesse
943 3989 1000 4038 est.
1046 3977 1202 4039 Assistant
1227 3999 1303 4056 ergo

353 4075 381 4136 ei
407 4075 536 4138 Nathan
564 4077 731 4161 propheta,
755 4088 788 4138 et
812 4077 937 4141 Sadocb
962 4077 1118 4149 sacerdos
1141 4091 1172 4136 et
1195 4075 1303 4136 fideles

353 4176 410 4240 filii
441 4177 681 4262 prophetarum,
709 4181 766 4262 qui
795 4202 866 4243 eum
895 4202 914 4239 a
943 4179 1012 4261 lege
1042 4174 1171 4239 Domini
1201 4173 1304 4235 diver·

354 4291 419 4340 tere
444 4300 506 4340 non
533 4278 708 4363 patiantur,
734 4292 766 4341 et
792 4301 887 4362 quam
913 4278 980 4362 ipse
1007 4275 1106 4339 oculis
1136 4287 1167 4336 et
1197 4275 1302 4337 animo
