3309 5309
351 670 420 715 cra.
436 655 561 729 xxvia]
711 669 964 715 potronarrcus.
1248 650 1309 718 139

349 834 381 884 et
397 821 486 885 nulla
499 821 682 887 necessitate
695 833 869 905 urgeantur
884 821 926 884 ad
942 819 1135 905 implendam
1145 820 1306 904 justitiam

350 920 422 985 Dei.
478 921 541 984 Sed
565 919 721 1005 numquid
751 919 798 982 vel
825 919 881 995 sic,
907 919 947 982 ad
978 933 1103 984 tantum
1127 923 1305 984 tonitruum

349 1022 603 1087 comminationis
618 1021 746 1098 divinae,
763 1019 919 1107 σκληρότης
936 1022 1072 1106 pectoris
1086 1021 1238 1101 indurati,
1248 1035 1306 1088 aut

350 1138 468 1202 tumor,
485 1124 541 1210 qui
559 1123 736 1208 tyrannidis
756 1123 926 1206 iniquitate
941 1124 974 1187 in
989 1122 1082 1187 corde
1099 1122 1203 1186 Saulis
1219 1123 1306 1187 vira·

349 1225 416 1289 cius
431 1225 602 1301 coaluerat,
618 1224 725 1310 potuit
740 1224 900 1288 emolliri?
939 1228 1165 1311 Nequaquam.
1212 1224 1305 1291 Dixit

350 1326 433 1389 euim
450 1326 525 1392 Saul
540 1325 581 1389 ad
607 1325 804 1389 Samuelem:
830 1326 973 1399 Peccavi,
989 1325 1066 1411 quia
1080 1326 1307 1412 praevaricatus

351 1450 421 1491 sum
435 1451 609 1491 sermonem
622 1428 766 1504 Domini,
778 1441 810 1492 et
822 1428 920 1490 verba
932 1441 998 1501 tua,
1012 1428 1125 1492 timens
1137 1428 1305 1514 populum,

350 1542 382 1593 et
397 1528 546 1592 obediens
563 1533 631 1594 voci
647 1551 767 1592 eorum.
813 1528 876 1593 Sed
898 1550 982 1592 nunc
1000 1541 1093 1610 porta
1108 1551 1218 1613 quaeso
1234 1552 1304 1614 peo-

351 1644 457 1695 catum
479 1653 597 1706 meum,
612 1646 644 1694 et
670 1643 826 1695 revertere
844 1651 979 1704 mecum,
997 1628 1176 1696 madorem
1192 1631 1304 1694 Domi-

351 1754 439 1797 num.
483 1736 529 1798 Et
545 1736 588 1798 ait
609 1735 756 1798 Samuel:
782 1736 856 1797 Non
877 1747 1027 1807 revertar,
1048 1731 1125 1816 quia
1143 1730 1303 1816 projecisti

350 1856 524 1899 sermonem
541 1834 683 1913 Domini,
698 1848 730 1899 et
752 1835 886 1920 projecit
909 1848 940 1899 te
962 1833 1120 1897 Dominus
1136 1855 1174 1896 ne
1189 1833 1231 1897 sis
1247 1856 1302 1899 rex

348 1959 445 2022 super
471 1936 578 2002 lsrael.
624 1936 763 2002 Videsne
788 1960 884 2022 quam
911 1935 1038 2001 difficile
1068 1935 1108 2000 sit
1135 1934 1301 2014 malitiam,

350 2063 452 2126 quum
475 2039 631 2126 superbire
646 2039 787 2104 fomento
807 2039 969 2120 coaluerit,
985 2038 1088 2104 verbis
1107 2055 1139 2104 et
1154 2039 1302 2104 exhorta·

349 2146 434 2206 tione
457 2141 587 2205 curari?
626 2140 769 2219 Peccavi,
795 2140 912 2226 iuquit,
939 2141 1053 2206 timens
1077 2139 1245 2226 populum,
1269 2155 1301 2206 et

348 2242 501 2307 obediens
518 2242 586 2307 voci
609 2266 729 2308 eorum.
777 2243 890 2308 Nonne
913 2243 956 2307 sic
970 2243 1092 2307 fatetur
1114 2243 1250 2330 culpam,
1266 2256 1303 2309 ut

351 2346 458 2432 potius
481 2347 621 2411 involvat
643 2347 732 2425 alios,
755 2350 821 2433 qui,
844 2347 871 2410 si
893 2348 1040 2432 princeps
1061 2361 1153 2426 esset,
1174 2346 1303 2412 fuerant

350 2448 524 2525 relaxandi,
550 2471 647 2535 quam
677 2448 815 2536 seipsum
845 2449 1020 2535 expediat?
1058 2448 1229 2534 Numquid
1258 2452 1304 2515 sic

348 2550 493 2616 audierat
510 2552 621 2615 fecisse
638 2553 785 2636 Moysen,
802 2574 903 2636 qnum
918 2555 966 2617 ira
981 2550 1044 2614 Dei
1059 2550 1183 2614 saeviret
1199 2551 1232 2613 in
1248 2573 1303 2636 po-

348 2652 471 2739 pulum,
483 2654 681 2741 dixissetque
696 2656 726 2717 ei
745 2654 922 2719 Dominus:
946 2652 1082 2716 Dimitte
1098 2674 1159 2727 me,
1173 2666 1209 2716 ut
1225 2655 1303 2719 iras·

348 2768 440 2819 catur
454 2757 545 2820 furor
558 2780 647 2820 meus
661 2756 692 2819 in
708 2758 842 2841 populo,
857 2768 889 2819 et
904 2753 1026 2817 deleam
1041 2775 1127 2830 eum,
1142 2766 1174 2817 et
1189 2753 1304 2821 faciam

348 2873 380 2922 te
395 2882 533 2924 crescere
547 2861 579 2922 in
596 2875 721 2943 gentem
744 2880 901 2942 magnam.
946 2856 1032 2934 Quid
1053 2879 1129 2941 ergo
1144 2856 1218 2923 lecit
1233 2858 1301 2925 dux

347 2961 497 3047 idemque
519 2961 624 3025 fidelis
647 2962 793 3046 princeps
815 2961 847 3023 in
874 2959 1071 3045 beneplacito
1095 2982 1165 3036 suo,
1185 2960 1302 3027 cousti-

346 3073 439 3124 tutus
451 3085 469 3122 a
487 3064 644 3124 Domino?
669 3061 738 3124 Aut
754 3060 880 3124 dimitte
890 3059 1072 3144 eis,inquit,
1083 3059 1164 3122 hanc
1172 3082 1300 3139 noxam,

346 3174 405 3225 aut
430 3162 499 3224 dele
520 3185 569 3224 me
593 3163 633 3225 de
660 3162 740 3226 libro
763 3176 831 3225 tuo.
878 3162 942 3228 Sed
967 3162 1125 3248 numquid
1147 3163 1180 3226 in
1204 3177 1301 3233 tantae

346 3264 490 3329 caritatis
519 3264 634 3327 affectu
665 3265 824 3349 propriam
857 3265 1018 3350 quaerebat
1046 3266 1207 3349 gloriam?
1249 3272 1302 3334 Iu-

348 3365 419 3450 quit
436 3366 520 3429 enim
537 3365 807 3430 mansuetissimus
822 3374 979 3453 princeps,
994 3366 1068 3452 pius
1083 3379 1185 3453 pater,
1201 3369 1301 3435 diser·

348 3481 402 3532 tus
417 3481 532 3540 orator,
550 3481 663 3554 potens
683 3468 714 3530 in
738 3491 843 3551 opere,
860 3482 892 3531 et
912 3491 1065 3548 sermone,
1079 3470 1147 3533 dux
1167 3493 1301 3556 praeam-

347 3569 444 3632 bolus
459 3571 490 3632 iu
509 3570 638 3656 justitia
653 3570 877 3634 mandatorum
901 3571 980 3635 Dei:
1005 3571 1121 3635 Dicent
1137 3573 1300 3660 AEgyptii,

348 3669 472 3736 Callide
494 3672 589 3735 duxit
612 3695 665 3734 eos
687 3673 846 3736 Dominus
868 3672 908 3736 de
932 3673 1090 3760 AEgypto,
1105 3687 1141 3738 ut
1162 3693 1300 3761 proster-

347 3785 435 3836 neret
450 3775 482 3836 in
499 3774 633 3838 deserto.
670 3775 722 3837 Sic
737 3796 813 3858 ergo
828 3773 923 3837 etiam
940 3779 989 3839 sui
1005 3774 1106 3861 ipsius
1121 3775 1300 3861 dispendio,

348 3876 478 3939 Domini
494 3877 625 3960 gloriam
642 3877 854 3961 praeoptabat,
863 3889 895 3940 et
908 3876 1029 3962 populi,
1039 3878 1132 3964 cujus
1144 3879 1297 3945 ducatum

348 3977 560 4053 ministrabat,
573 3978 801 4042 liberationem.
834 3978 940 4042 David
954 4003 1082 4065 quoque
1092 4001 1191 4064 quum
1204 3982 1297 4063 culpa

347 4081 416 4164 ejus
433 4082 609 4144 Dominum
631 4081 670 4143 ad
687 4080 882 4144 iracundiam
904 4097 1115 4165 provocasset,
1131 4095 1161 4143 et
1183 4083 1296 4164 prinei-

346 4181 426 4266 palis
445 4184 549 4268 culpae
565 4183 726 4269 subjectus
748 4184 886 4268 populus
906 4199 1046 4267 portaret
1062 4204 1198 4266 poenam,
1216 4183 1295 4246 vidit

347 4284 495 4369 angelum
513 4287 574 4350 Dei
589 4285 760 4349 caedentem
775 4285 940 4368 populum.
988 4285 1087 4349 Fudit
1103 4284 1212 4366 itaque
1228 4307 1296 4367 pre-
