3309 5309
242 686 314 730 cm.
331 667 409 746 vm]
601 685 855 732 rosrcnnrrous.
1129 666 1201 734 ’177

241 840 314 901 Nec
334 849 444 901 tamen
465 838 561 901 unius
580 840 668 901 urbis
688 850 811 902 tantum
828 840 903 902 vitia
918 840 1050 923 depingi
1066 842 1196 904 credas:

235 938 307 1021 jam
321 940 422 1001 totius
437 939 526 1002 orbis
540 952 624 1003 sunt.
659 940 756 1012 Quod
770 940 812 1002 ad
826 940 923 1017 istud,
935 943 1044 1003 orbem
1059 943 1198 1005 Romam

242 1040 356 1103 crede:
391 1041 524 1103 memini
552 1063 604 1104 mc
630 1042 758 1105 audisse
783 1043 966 1105 Romanum
996 1044 1195 1120 Pontificem,

240 1144 371 1205 solitum
386 1141 533 1206 deridere
556 1144 767 1218 Lombardos,
784 1142 904 1221 dicens,
921 1166 978 1207 eos
992 1145 1114 1227 pileum
1129 1166 1196 1207 om·

241 1244 339 1306 nibus
354 1245 616 1328 colloquentibus
633 1245 750 1322 facere,
764 1266 802 1307 eo
826 1245 913 1329 quod
928 1246 962 1307 iu
978 1246 1113 1309 exordio
1128 1246 1195 1309 dic-

240 1344 339 1407 tionis
357 1346 615 1409 benevolentiam
637 1356 779 1428 captent,
799 1361 832 1408 et
851 1367 959 1408 eorum
980 1368 1053 1409 cum
1075 1349 1194 1431 quibus

239 1444 357 1522 agitur,
381 1446 488 1528 capita
512 1446 652 1529 quodam
674 1447 962 1509 commendationis
977 1434 1195 1511 'demulceant

167 1562 172 1570 ·
241 1548 325 1609 oleo.
370 1548 432 1609 Fili
447 1548 503 1624 mi,
517 1548 621 1631 inquit
639 1548 804 1621 Salomon,
819 1549 846 1611 si
863 1559 894 1610 te
910 1549 1096 1611 lactaverint
1117 1569 1195 1630 pec·

241 1658 377 1726 catores,
391 1671 432 1712 ne
447 1650 634 1733 acquiescas
650 1651 706 1712 eis.
754 1652 822 1732 Ipsi
838 1650 924 1713 enim
939 1663 1050 1712 contra
1064 1650 1193 1730 sangui·

178 1775 184 1784 ·
239 1770 315 1811 uem
340 1771 435 1813 suum
459 1750 661 1828 insidiantur,
683 1762 715 1813 et
736 1751 912 1812 moliuntur
933 1749 1060 1811 fraudes
1083 1762 1195 1811 contra

238 1851 363 1914 animas
377 1872 462 1914 suas.
505 1852 647 1914 Prohibe
667 1850 783 1934 pedem
799 1861 887 1913 tuum
904 1872 923 1913 a
938 1849 1060 1913 semitis
1075 1870 1197 1912 eorum.

238 1952 344 2016 Pedes
358 1954 445 2015 enirn
460 1974 570 2016 eorum
590 1952 632 2015 ad
654 1953 773 2015 malum
788 1963 930 2029 currunt,
947 1964 979 2015 et
992 1952 1145 2015 festinant
1160 1961 1194 2013 ut

240 2053 410 2117 effundant
423 2054 622 2135 sanguinem.
725 2101 733 2106 -

240 2300 322 2385 Cap.
338 2309 369 2365 7.
392 2304 557 2366 Frondem
586 2304 796 2368 aduurorum
826 2308 924 2369 initio
954 2307 1136 2384 vitandum,
1160 2315 1193 2369 et

282 2404 370 2487 quod
402 2405 601 2482 marteribus,
636 2415 697 2469 aut
733 2407 952 2490 obsequiorum
989 2406 1194 2491 defficultute,

280 2507 481 2570 colidrssime
490 2509 650 2590 procedit.

277 2660 374 2721 Eocn
389 2656 437 2719 vir
450 2657 703 2739 sapientissimus
720 2658 754 2719 iu
769 2657 837 2719 filio
853 2655 1000 2719 erudiens
1015 2658 1191 2733 universos,

237 2768 469 2824 assentatorum
506 2759 638 2839 gratiam
676 2759 825 2821 omnibus
863 2771 1043 2839 suspectam
1076 2758 1193 2834 reddit,

237 2882 412 2945 omnesque
433 2859 577 2938 deterret,
593 2871 626 2923 et
643 2862 706 2924 hoc
730 2861 861 2944 quidem
881 2861 916 2921 in
936 2860 1040 2933 initio,
1057 2882 1096 2923 eo
1110 2860 1192 2923 forte

237 2962 327 3047 quod
339 2973 427 3026 recte
440 2961 635 3043 gradientem
650 2964 772 3044 primus
787 2961 987 3024 adulatorum
1002 2982 1193 3042 congressus

235 3066 413 3149 impugnat
459 3063 542 3125 Haec
563 3062 697 3125 fortasse
720 3061 871 3124 meretrix
893 3070 950 3139 est,
968 3061 1059 3144 cujus
1082 3060 1194 3123 indicit

237 3165 357 3247 fugam.
401 3164 517 3242 Fatus,
537 3162 651 3246 inquit,
672 3163 828 3226 distillans
851 3163 937 3225 labia
958 3162 1144 3235 meretricis,
1160 3171 1194 3224 et

238 3266 374 3331 nitidius
401 3267 474 3329 oleo
504 3274 612 3345 guttur
640 3264 719 3347 ejus.
775 3264 961 3326 Novissima
988 3274 1094 3325 autem
1123 3262 1194 3347 ejus

237 3390 347 3432 amara
369 3368 463 3454 quasi
484 3368 693 3443 absinthium,
708 3378 741 3429 et
760 3367 872 3447 lingua
894 3366 963 3451 ejus
985 3377 1079 3430 acuta
1101 3367 1193 3450 quasi

237 3469 365 3551 gladius
386 3470 507 3552 biceps.
551 3467 657 3531 Pedes
678 3468 747 3551 ejus
769 3468 970 3530 descendunt
990 3468 1024 3530 in
1046 3480 1192 3547 mortem,

237 3582 270 3633 et
282 3569 327 3633 ad
341 3569 459 3632 inferos
474 3589 599 3649 gressus
614 3568 682 3652 ejus
696 3578 876 3650 penetrant,
885 3590 943 3650 per
957 3569 1101 3632 semitam
1118 3570 1190 3633 vitae

238 3691 304 3733 nou
319 3670 497 3747 ambulant,
508 3670 579 3751 vagi
591 3680 666 3731 suut
676 3690 800 3750 gressus
812 3668 882 3751 ejus
897 3679 930 3731 et
943 3669 1190 3751 investigabiles.

239 3772 338 3833 Nunc
353 3789 440 3850 ergo,
452 3769 498 3831 lili
513 3770 569 3843 mi,
581 3768 657 3831 audi
672 3790 735 3846 me,
743 3781 775 3831 et
789 3790 831 3831 ne
843 3769 975 3832 recedas
986 3791 1004 3831 a
1014 3772 1117 3833 verbis
1129 3773 1193 3834 oris

239 3868 312 3931 mei.
342 3869 455 3948 Longe
467 3868 517 3931 fac
534 3870 575 3931 ab
590 3889 630 3930 ea
644 3869 726 3931 viam
742 3881 840 3945 tuam,
851 3882 884 3932 et
898 3891 939 3932 ue
953 3872 1194 3954 appropinques

238 3970 360 4032 loribus
371 3968 487 4034 domus
500 3968 580 4051 ejus.
609 3970 693 4031 Haec
709 3970 769 4033 etsi
780 3970 822 4032 ad
833 3983 953 4034 sectam
968 3973 1192 4035 haereticomm

239 4079 431 4132 censeantur
444 4069 607 4152 praecipue
627 4069 802 4145 referenda,
818 4073 858 4132 ab
874 4071 1066 4134 adulationis
1080 4068 1191 4130 fraude

239 4190 305 4231 non
325 4170 433 4233 aliena
455 4179 539 4233 sunt.
585 4170 619 4232 Si
640 4191 715 4251 ergo
736 4170 777 4232 ad
798 4171 882 4233 fores
901 4172 1015 4234 domus
1037 4170 1107 4252 ejus
1125 4188 1192 4229 non

239 4269 317 4332 licet
331 4267 496 4344 accedere,
512 4269 660 4352 nunquid
679 4269 878 4333 admittenda
898 4282 948 4334 est
963 4272 998 4333 in
1014 4267 1193 4354 praecordia

283 4387 356 4433 von.
372 4386 423 4432 111.
704 4385 727 4428 n
