3309 5309
345 648 406 706 lor
603 660 738 706 rolucus
755 657 1035 702 sannsuamassrs
1154 639 1236 718 [nm.
1252 655 1303 699 111.

365 901 445 982 Cap.
464 904 512 961 ll.
536 897 589 960 De
604 897 857 959 munusculoriis
871 901 902 957 et
912 894 1142 974 promissoris,
1157 901 1189 958 et
1203 895 1286 976 quod

488 1001 676 1080 promittere
689 1017 755 1060 non
772 998 923 1078 etpediot
939 993 983 1056 od
994 998 1158 1058 virtutem.

392 1136 432 1197 ΙΝ
462 1154 500 1195 eo
530 1143 635 1197 autem
661 1131 846 1195 adulatoriae
875 1132 922 1193 vis
948 1153 1066 1213 magna
1092 1132 1252 1210 consistit,
1278 1132 1304 1194 si

350 1235 475 1298 omissis
496 1235 642 1318 propriis,
659 1235 763 1297 aliena
785 1233 957 1297 commoda
973 1254 1081 1296 curare
1105 1234 1252 1312 videaris,
1267 1234 1305 1297 de

352 1347 408 1399 tuo
422 1357 588 1417 nunquam
610 1347 667 1399 aut
688 1356 771 1414 raro,
787 1357 912 1419 semper
933 1346 988 1398 aut
1009 1357 1096 1418 saepe
1119 1337 1257 1420 loquens
1271 1337 1307 1398 de

352 1437 450 1513 illius,
460 1459 554 1518 quem
568 1436 747 1518 aucuparis,
756 1437 981 1499 emolumento.
1016 1437 1174 1500 Praeterea
1183 1458 1308 1499 manum

354 1539 494 1613 contine,
510 1559 562 1616 ne,
577 1539 604 1601 si
626 1537 704 1623 quid
725 1538 821 1600 etiam
845 1538 945 1599 invito
965 1537 1138 1619 ingeratur,
1161 1539 1309 1621 accipias,

354 1639 431 1702 dum
445 1638 717 1702 influatJordauis
733 1638 767 1700 in
780 1661 815 1701 os
832 1638 912 1721 ejus,
925 1638 980 1721 qui
996 1637 1070 1700 dum
1087 1639 1198 1701 omnia
1213 1640 1306 1722 cupit,

354 1740 415 1803 sibi
431 1762 559 1824 quoque
571 1741 678 1802 omnia
689 1739 729 1802 de
739 1738 811 1821 jure
824 1750 917 1823 putat
930 1749 1122 1821 competere.
1153 1739 1307 1802 Esuriens

354 1843 429 1925 gula
439 1842 665 1906 insatiabilium
676 1841 875 1924 quorundam
888 1841 1085 1918 animalium,
1098 1841 1204 1905 donec
1217 1841 1307 1904 satie·

354 1958 414 2019 tur,
424 1963 624 2005 communem
640 1942 711 2005 aliis
722 1941 844 2004 invidet
859 1942 986 2018 cibum;
1010 1942 1086 2004 etin
1100 1965 1165 2026 quo
1178 1943 1306 2005 aliomm

355 2042 538 2104 subvenitur
551 2042 680 2125 inopiae,
692 2063 725 2104 se
741 2041 883 2105 fraudem
896 2043 1020 2125 perpeti
1035 2044 1226 2127 suspicatur.
1258 2043 1306 2105 Sic

355 2143 532 2205 fortunatus
566 2143 628 2205 sibi
656 2142 817 2205 interdum
851 2143 994 2206 subtrahi
1024 2155 1128 2227 putat,
1158 2142 1308 2227 quicquid

357 2264 546 2327 quocunque
563 2244 655 2305 titulo
671 2243 833 2306 confertur
844 2245 875 2307 in
893 2242 1002 2321 alium,
1014 2255 1094 2307 teste
1109 2244 1236 2322 Crasso,
1247 2242 1309 2327 qui,

356 2354 392 2407 ut
407 2342 535 2421 dicitur,
544 2343 645 2406 milite
660 2342 892 2423 dissimulante,
904 2366 942 2407 eo
959 2344 1047 2429 quod
1064 2347 1164 2423 solus,
1176 2357 1232 2408 aut
1247 2365 1307 2428 pra

356 2445 480 2509 caeteris
510 2445 595 2529 apud
621 2445 756 2508 Parthos
783 2467 894 2510 aurum
920 2447 1051 2522 sitierat,
1079 2468 1192 2510 aurum
1218 2447 1306 2509 bibit

355 2545 515 2627 Jugurtba
530 2565 657 2627 quoquc
670 2567 755 2627 saepe
771 2546 953 2609 Romanum
970 2546 1160 2621 exarmavit,
1173 2557 1205 2609 et
1220 2545 1309 2627 fregit

354 2647 534 2730 imperium,
545 2659 578 2709 et
593 2647 779 2724 exercitum,
790 2647 891 2731 ipsius
907 2669 1035 2732 quoqne
1049 2647 1140 2710 urbis
1152 2647 1309 2710 concussit

358 2749 565 2833 majestatem,
591 2770 675 2810 nuuc
703 2748 784 2811 daus
812 2750 917 2832 plura,
941 2741 1131 2832 promittens
1155 2745 1310 2810 interdum

356 2850 503 2933 plurima.
549 2848 613 2913 Sed
628 2850 689 2912 hoc
706 2849 844 2911 liberum
861 2860 910 2914 est
921 2850 983 2928 his,
998 2863 1031 2913 et
1046 2872 1133 2933 saepc
1150 2849 1310 2925 conducit,

359 2943 413 3034 uui
429 2951 538 3036 aliqua
557 2950 677 3013 donare
693 2962 937 3014 consueverunt.
982 2950 1136 3035 Alioquin
1157 2951 1309 3035 promisso

358 3054 464 3134 gratiae
489 3050 698 3116 concilianda
723 3072 789 3113 non
812 3052 949 3135 proficit,
972 3051 1029 3115 sed
1053 3053 1146 3136 quasi
1167 3051 1310 3134 deceptio

356 3155 568 3230 fraudulenta,
583 3153 668 3216 illam
686 3173 757 3236 quae
773 3174 843 3215 esse
866 3152 991 3217 videtur
1005 3154 1196 3237 plerumque
1211 3151 1310 3216 extin-

358 3254 435 3334 guit.
480 3255 586 3316 Tanto
610 3251 742 3335 quidem
762 3252 910 3328 validius,
929 3276 996 3336 ,quo
1020 3275 1095 3317 cum
1116 3251 1311 3337 prudentiori

355 3368 388 3416 et
398 3355 532 3434 graviori
548 3354 612 3416 viro
624 3354 787 3433 negotium
803 3354 927 3434 geritur.
962 3354 1160 3438 Simplicitas
1175 3372 1310 3435 namque

357 3454 673 3516 circumvenientium
689 3454 816 3516 insidiis
831 3455 927 3518 latius
943 3465 1042 3538 patet,
1056 3466 1088 3518 et
1103 3455 1227 3519 facilius
1241 3474 1311 3536 sup·

357 3554 526 3636 plantatur.
558 3554 654 3618 Unde
669 3554 723 3617 ille
739 3555 875 3637 quinon
892 3558 1013 3635 urbem,
1024 3557 1081 3620 sed
1097 3559 1207 3621 orbem
1221 3555 1311 3619 lasei-

353 3654 401 3714 vis
429 3649 572 3736 implevit
601 3655 772 3728 amoribus,
798 3655 1038 3718 sollicitatorem
1067 3657 1249 3739 puellarum
1278 3663 1307 3716 et

356 3753 552 3836 impudicum
568 3755 728 3817 instruens
745 3765 930 3833 amatorem,
947 3757 1009 3818 ait:

464 3857 604 3910 Promittas
614 3858 703 3924 facito,
715 3862 775 3928 quid
789 3863 858 3913 enim
869 3862 1019 3932 promittere
1031 3861 1123 3914 taeditt

502 3941 629 3994 Pollicitis
642 3945 715 3996 dives
726 3946 837 4013 quilibet
849 3963 907 3999 esse
920 3951 1013 4017 potest.

357 4042 405 4105 At
429 4037 639 4122 philosophus
664 4060 842 4123 nunquam,
863 4051 918 4105 aut
941 4042 1111 4121 rarissime,
1133 4053 1167 4107 et
1188 4043 1251 4107 hoc
1272 4054 1310 4105 er

350 4147 438 4226 justa
454 4161 552 4204 causa
562 4139 673 4202 asserit
688 4141 904 4206 conducibile.
935 4142 969 4205 Si
987 4143 1075 4206 euim
1088 4142 1307 4226 promissionis

358 4242 529 4327 implendae
547 4240 683 4305 facultas
703 4264 769 4305 nou
791 4244 942 4327 suppetit,
958 4245 1159 4308 temerarium
1180 4256 1230 4310 est
1243 4264 1307 4328 pro·
