3309 5309
480 677 541 736 174
734 688 872 732 maurus
887 683 1165 731 saansaamanms
1282 669 1366 742 [nm.
1383 686 1434 729 111.

476 854 559 906 etam
578 836 798 914 aedilicat,non
814 836 957 917 domum,
966 836 1114 922 quisquis
1128 835 1161 899 in
1176 833 1334 900 indurata
1349 857 1435 898 men-

477 944 519 1006 tis
534 940 624 1019 vitio,
637 938 830 1025 pravitatem
845 939 989 1021 congerit
1004 960 1147 1023 operum.
1186 935 1250 1014 Qui
1265 935 1297 999 in
1314 935 1434 1022 pariete

478 1044 544 1107 solo
570 1042 687 1106 ostium
715 1039 803 1120 facit,
829 1062 1025 1125 quocunque
1048 1038 1248 1123 ingrediatur
1273 1036 1352 1101 foris
1377 1050 1433 1102 est.

477 1145 670 1230 Quicunque
686 1142 717 1205 in
732 1141 859 1226 pravite
879 1140 995 1227 operis,
1012 1139 1163 1204 indurata
1182 1151 1288 1204 mente
1303 1161 1433 1202 conver·

475 1259 576 1318 satur,
592 1268 611 1308 a
626 1256 808 1308 sanctorum
820 1242 970 1307 societate
986 1241 1175 1328 sejungitur.
1220 1239 1430 1305 AEdificatum

474 1371 553 1432 ergo
568 1346 719 1433 parietem
737 1345 821 1426 linit,
836 1344 983 1430 quisquis
1004 1344 1111 1430 pravis
1131 1343 1283 1431 operibus
1297 1342 1431 1429 alicujus

474 1448 642 1512 adulanter
662 1445 840 1532 applaudit.
885 1446 993 1522 Quum
1009 1467 1084 1508 vero
1104 1445 1146 1510 sit
1169 1457 1265 1528 turpe
1279 1445 1429 1509 omnibus

474 1549 711 1634 adulari,longe
726 1549 855 1634 turpius
869 1560 928 1625 est,
941 1549 968 1611 si
983 1547 1016 1610 in
1031 1546 1204 1633 pracipuae
1218 1546 1428 1624 auctoritatis,

474 1664 532 1717 aut
552 1650 684 1730 ordinis,
699 1649 795 1731 viros,
816 1647 961 1714 adulatio
982 1647 1085 1712 cadat.
1130 1648 1220 1713 Adeo
1242 1646 1374 1734 quidem
1393 1659 1429 1712 ut

475 1779 636 1821 sacrorum
675 1775 833 1818 canonum
862 1750 1018 1817 institutis
1054 1763 1185 1815 cautum
1219 1750 1273 1829 sit,
1301 1751 1429 1815 clericos

474 1857 734 1941 irrefragabiliter
755 1852 971 1941 deponendos,
998 1854 1055 1939 qui
1079 1864 1252 1918 noscuntur
1274 1851 1429 1918 adulatio·

473 1958 569 2023 nibus
589 1956 749 2022 inservire.
795 1955 897 2019 Recte
913 1953 1057 2039 quidem,
1071 1954 1148 2040 quia
1164 1954 1268 2018 omnis
1287 1952 1428 2019 adulatio

473 2058 607 2122 comites
628 2057 724 2122 habet
740 2056 849 2121 dolum
870 2068 903 2120 et
922 2054 1080 2131 fraudem,
1097 2054 1377 2141 proditionemque
1396 2068 1428 2120 et

472 2171 580 2223 notam
597 2158 764 2222 mendacii.
808 2157 976 2242 Sequelam
998 2181 1126 2244 quoqne
1142 2155 1348 2242 ignominiam
1364 2179 1427 2220 ser·

472 2259 597 2334 vitutis,
613 2258 855 2322 excaecationem
874 2258 1025 2343 proximi,
1040 2271 1071 2323 et
1087 2258 1311 2324 exterminium
1328 2261 1426 2324 totius

472 2359 657 2424 honestatis.
702 2362 752 2423 An
774 2370 902 2422 nonest
927 2358 999 2422 talis
1015 2382 1077 2424 non
1100 2360 1197 2425 modo
1219 2360 1394 2446 ejiciendus
1407 2383 1427 2423 a

471 2459 566 2540 cler0,
581 2457 635 2524 sed
651 2481 671 2522 a
686 2471 754 2524 toto
768 2457 911 2522 fidelium
927 2456 1038 2523 coetu?

471 2724 551 2810 Cap.
567 2721 598 2787 6.
624 2721 717 2797 Quod
752 2723 938 2786 adulatores
973 2725 1182 2806 multiplicati
1216 2730 1297 2788 aunt
1328 2743 1425 2806 anper

512 2844 694 2899 numerum,
724 2828 755 2885 et
783 2845 805 2886 a
838 2825 1009 2904 preclaris
1038 2825 1183 2887 donatus
1211 2825 1365 2899 honestos,
1393 2830 1423 2887 et

513 2926 681 2988 disnmr‘les
694 2925 758 3003 aui,
772 2925 947 3005 capellum.

513 3059 595 3122 Hac
616 3070 721 3123 tamen
742 3056 851 3142 pestis,
869 3057 937 3143 jam
958 3058 990 3122 in
1013 3071 1148 3140 tantum,
1164 3059 1305 3124 Domino
1318 3059 1422 3144 indig-

468 3171 573 3237 nante,
584 3157 731 3234 invaluit,
745 3171 782 3223 ut
793 3159 819 3222 si
833 3171 962 3223 ventum
972 3160 1055 3224 forte
1066 3160 1164 3226 fuerit
1175 3160 1217 3225 ad
1228 3161 1423 3242 conflictum,

468 3282 578 3325 vereor
604 3283 643 3324 ne
666 3261 826 3325 modestos
851 3273 883 3325 et
910 3261 1009 3326 bonos
1035 3263 1119 3328 viros
1147 3264 1270 3347 possint
1295 3263 1421 3328 facilius

467 3360 636 3446 expellere,
649 3384 745 3445 quam
761 3361 889 3448 expelli.
935 3365 1041 3450 Serpit
1055 3364 1138 3429 enim
1154 3364 1268 3430 illuvio
1281 3365 1380 3447 foeda,
1388 3380 1420 3429 et

467 3462 596 3525 morbus
604 3484 796 3527 cancerosus
817 3464 851 3527 in
874 3486 996 3544 omnes,
1013 3479 1049 3531 ut
1065 3466 1175 3532 nullus
1189 3480 1246 3532 aut
1262 3490 1354 3532 rarus
1369 3467 1420 3544 sit,

467 3584 563 3648 quem
580 3561 666 3626 labes
680 3563 741 3628 ista
757 3587 820 3628 non
842 3565 990 3631 maculet.
1036 3569 1156 3632 Omnes
1170 3569 1254 3633 enim
1270 3568 1420 3634 affectant

466 3662 712 3727 benivolentiam
743 3687 866 3742 eorum,
896 3689 968 3731 cum
998 3667 1117 3752 quibus
1147 3667 1278 3733 vivitur.
1323 3667 1420 3744 Quod

387 3836 391 3849 Ι
466 3762 595 3848 quidem
611 3785 673 3827 non
689 3764 785 3829 modo
801 3765 922 3831 licitum
944 3780 1003 3844 est,
1019 3767 1074 3831 sed
1091 3769 1283 3844 honestum;
1307 3782 1421 3856 utpote

464 3866 582 3939 omnia,
599 3885 673 3948 quae
688 3877 803 3929 natura
818 3866 976 3932 virtutum
998 3892 1124 3955 parens,
1139 3884 1173 3936 et
1188 3885 1276 3936 recte
1291 3871 1420 3934 vivendi

464 3964 532 4031 dux
563 3964 696 4050 optima,
725 3966 841 4050 gignit.
899 3970 961 4033 Sed
990 3970 1068 4034 dum
1099 3973 1181 4036 hanc
1209 3973 1419 4048 affectionem,

465 4066 690 4131 moderationis
713 4065 824 4150 regula
848 4068 975 4148 deserit,
995 4071 1099 4136 fertur
1124 4075 1157 4137 in
1181 4096 1336 4160 praeceps,
1357 4073 1420 4138 dis·

462 4190 656 4254 currensque
680 4191 737 4253 per
762 4172 869 4234 omnia
891 4174 1026 4255 agenda,
1054 4186 1084 4237 et
1113 4197 1175 4238 non
1198 4176 1336 4260 agenda,
1362 4198 1419 4261 per

461 4270 625 4334 infamiam
651 4283 682 4335 et
712 4271 825 4335 bonam
851 4271 980 4354 famam,
1004 4275 1123 4340 favoris
1151 4299 1282 4362 auceps,
1305 4276 1418 4363 gratiae
