3309 5309
346 653 405 712 lat
605 663 740 708 anissis
757 663 1035 708 saansnsmasms
1161 643 1247 723 [cru.
1265 663 1316 707 11.'

345 815 887 896 nit,auctoreoelicontradicerenou
899 813 1051 878 audebit?
1075 813 1302 901 Interpositam

346 919 429 982 inter
439 919 495 1003 jus
510 930 542 983 et
557 919 740 1004 aequitatem
761 919 1067 1004 interpretationem,
1082 917 1141 981 soli
1165 917 1303 1004 principi

349 1035 381 1086 et
400 1033 539 1108 oportet,
555 1034 587 1084 et
603 1020 677 1086 licet
692 1021 856 1106 inspicere.
902 1021 969 1085 Ubi
992 1020 1079 1085 aliud
1099 1021 1157 1106 jus
1179 1019 1304 1098 suadet,

347 1123 435 1188 aliud
452 1123 599 1210 aequitas,
614 1147 688 1209 quae
702 1123 735 1186 in
752 1123 880 1207 publica
896 1122 1034 1187 utilitate
1051 1135 1208 1200 versatur,
1220 1122 1305 1209 prin-

348 1226 428 1312 cipis
442 1225 615 1312 quaerenda
630 1237 676 1288 est
693 1225 924 1311 interpretatio,
937 1248 1011 1311 quae
1026 1225 1184 1311 generalis
1198 1237 1258 1304 est,
1271 1236 1303 1289 et

349 1324 531 1390 necessaria.
583 1325 648 1390 Ubi
671 1324 712 1387 de
734 1325 865 1410 scripto,
887 1336 920 1389 et
942 1325 1098 1389 sententia
1121 1323 1302 1402 dubitatur,

347 1451 437 1493 mens
448 1440 495 1492 est
511 1427 701 1513 inquirenda
713 1427 863 1491 auctoris.
894 1427 975 1504 Quis
989 1450 1066 1511 ergo
1078 1441 1109 1492 te
1125 1426 1301 1490 coelestium

347 1529 421 1593 fecit
442 1528 670 1613 interpretem?
696 1527 804 1604 Unde,
820 1526 900 1612 quid
924 1525 1085 1612 expediat,
1100 1526 1209 1591 nosti?
1234 1527 1303 1604 Qua

348 1629 524 1693 temeritate
538 1627 639 1692 aliena
650 1649 757 1714 opera,
770 1627 845 1703 tuis,
857 1627 922 1690 imo
935 1626 996 1689 Dei
1008 1625 1119 1704 stellis,
1131 1625 1301 1690 adscribis?

349 1733 459 1795 Teneo
473 1730 555 1794 enim
573 1743 663 1795 tuum
681 1727 760 1791 illud
778 1727 1023 1793 subtilissimum
1040 1741 1278 1813 argumentum,

591 1905 634 1957 Tu
646 1905 690 1973 qui
701 1903 831 1971 flagrante
842 1903 969 1956 minacem

450 1991 574 2060 Scorpion
585 1990 701 2043 incendis
713 1990 803 2050 cauda,
816 1987 954 2058 chelasque
966 1989 1089 2069 peruris,

450 2074 526 2136 'Quid
537 2082 638 2128 tantum
652 2076 765 2129 Gradive
778 2077 872 2145 paras?

351 2234 414 2301 Sed
446 2235 600 2299 mendacii
631 2249 732 2321 pater,
758 2238 813 2322 qui
841 2249 872 2301 te
901 2237 962 2301 hoc
987 2237 1097 2303 docuit
1124 2238 1303 2305 coelestibus

350 2335 605 2413 adscribendum,
621 2336 841 2401 fraudulenter
862 2337 906 2402 sic
928 2339 995 2425 agit
1012 2356 1128 2421 tecum,
1143 2354 1182 2407 ut
1206 2363 1302 2428 quum

349 2440 399 2504 his
420 2443 503 2502 notis
525 2439 706 2524 resperserit
735 2454 925 2518 creaturam,
947 2441 1052 2527 ipsum
1082 2454 1239 2508 creaturae
1261 2443 1303 2509 sio

350 2540 482 2607 infamet
511 2554 683 2605 auctorem.
733 2543 898 2605 Postremo
931 2543 1087 2608 animulas
1116 2545 1301 2610 miserorum

349 2642 462 2707 fraude
480 2641 641 2728 deceptas,
658 2642 887 2706 inevitabilium
907 2644 1057 2709 vaticinio
1071 2646 1258 2712 futurorum
1272 2647 1303 2712 in

348 2747 493 2813 elationis
508 2757 662 2810 tumorem
679 2747 882 2831 suspendere,
898 2749 949 2812 vel
969 2749 1199 2835 desperationis
1213 2751 1303 2838 abys-

350 2873 419 2915 sum
439 2849 650 2935 praccipitare,
666 2848 824 2913 dementia
840 2865 897 2914 est.
935 2854 1036 2919 Porro
1055 2852 1142 2916 hunc
1163 2853 1302 2918 fructum

350 2951 499 3018 mathesis
514 2972 580 3015 sure
592 2950 757 3035 horoscopi
773 2950 921 3028 afferunt,
932 2964 963 3016 et
979 2952 1115 3036 planetis
1127 2955 1194 3019 suis
1205 2957 1303 3041 magis

349 3054 483 3131 erronei,
498 3054 576 3118 dum
592 3076 611 3116 a
627 3051 754 3116 scientia
769 3051 897 3137 pietatis
917 3053 1110 3134 exorbitant,
1124 3055 1220 3142 longa
1235 3079 1302 3143 per-

351 3171 557 3242 vestigatione
593 3156 768 3239 signorum,
796 3178 869 3218 cum
899 3179 948 3233 eo,
978 3157 1035 3240 qui
1069 3162 1164 3243 quasi
1194 3158 1303 3224 lucifer

351 3258 526 3323 matutinus
537 3258 709 3333 oriebatur,
723 3255 918 3321 descendunt
934 3259 967 3322 in
979 3257 1137 3324 infernum
1151 3261 1302 3338 virentes,

350 3358 492 3446 aliosque
507 3359 608 3422 ruinae
623 3382 689 3423 suae
706 3359 877 3445 participes
892 3358 1040 3424 efficiunt.
1075 3361 1136 3427 ‚Sed
1154 3361 1230 3428 dum
1247 3363 1303 3429 tibi

352 3459 427 3525 talia
442 3475 676 3546 proponuntur,
692 3460 740 3524 vel
756 3476 975 3547 opponuntur,
991 3461 1069 3548 quid
1085 3463 1183 3529 facis?
1206 3465 1304 3531 Rides

349 3561 511 3647 equidem,
534 3576 565 3627 et
592 3563 684 3628 nimis
709 3563 797 3626 uncis
823 3563 953 3627 naribus
978 3563 1139 3650 indulges,
1165 3565 1303 3633 ludibrio

352 3664 472 3729 habens
487 3664 718 3752 simplicitatem
731 3665 816 3746 fidei,
829 3666 1028 3752 recurrisque
1038 3668 1079 3732 ad
1095 3669 1302 3754 providentia

353 3765 470 3842 sinum,
492 3779 525 3831 et
543 3779 574 3831 te
596 3766 627 3829 in
650 3767 799 3852 abyssum
824 3766 1059 3832 inscrutabilem
1082 3773 1176 3854 quasi
1199 3773 1303 3836 Antus

351 3865 431 3929 alter
447 3878 534 3930 totus
548 3867 718 3952 immergis.
764 3872 882 3933 Lucem
905 3870 1152 3936 inaccessibilem
1170 3871 1301 3958 posuisti

350 3967 512 4052 refugium
529 3981 633 4048 tuum,
647 3982 679 4031 et
701 3967 774 4032 inde
795 3969 869 4034 fidei
891 3974 1101 4036 rusticitatem
1123 3973 1301 4060 impugnas,

352 4094 388 4135 ac
410 4069 436 4134 si
459 4071 531 4133 fons
553 4069 693 4134 veritatis
711 4071 985 4156 propugnaculum
1010 4074 1049 4138 sit
1071 4075 1196 4140 erroris.
1242 4073 1300 4140 sed

349 4185 428 4254 esto,
443 4184 580 4235 veterem
604 4170 684 4234 hanc
704 4170 912 4254 providentiae
933 4176 1093 4262 querelam
1116 4177 1221 4264 sopire
1241 4197 1298 4242 noa

352 4296 490 4362 possum,
518 4287 549 4337 et
574 4272 673 4338 nodos
698 4274 837 4338 omnium
866 4279 1071 4364 quaestionem
1098 4279 1219 4345 solvere
1241 4300 1298 4345 uon
