3309 5309
373 684 443 729 car.
458 665 530 745 xv.]
723 683 977 730 ronronamcus.
1264 675 1327 732 217

374 835 415 899 ab
437 847 574 914 errante,
597 833 663 898 sive
685 833 726 896 ab
749 832 900 897 adulante
921 832 1056 898 laudari.
1102 833 1221 898 Nullus
1243 835 1326 900 euim

373 936 581 1021 reprehensor
606 933 827 998 formidandus
847 945 893 997 est
917 933 1049 998 amatori
1072 935 1224 1000 veritatis.
1269 938 1329 1001 Et-

373 1037 457 1100 enim
473 1048 531 1101 aut
545 1035 691 1100 inimicus
708 1036 956 1120 reprehensurus
971 1048 1031 1115 est,
1044 1047 1098 1100 aut
1118 1036 1247 1101 amicus.
1294 1038 1328 1101 Si

373 1136 521 1200 inimicus
548 1135 694 1215 insultat,
720 1132 872 1198 ferendus
897 1146 964 1207 est;
1006 1134 1143 1198 Amicus
1168 1148 1274 1200 autem
1302 1135 1328 1200 si

375 1249 471 1322 errat,
501 1236 681 1310 docendus3
721 1238 748 1299 si
777 1233 901 1311 doceat,
931 1233 1118 1299 audiendus.
1163 1212 1329 1302 Laudatur

376 1360 452 1401 vero
466 1350 499 1402 et
514 1359 622 1401 errans
636 1336 802 1400 confirmat
817 1358 967 1413 errorem,
982 1346 1015 1400 et
1036 1336 1171 1400 adulans
1190 1337 1280 1402 illicit
1295 1339 1328 1402 in

376 1459 524 1504 errorem.
569 1435 623 1502 Ait
639 1458 716 1518 ergo
732 1457 787 1498 rex
803 1434 918 1511 fidelis,
933 1438 1053 1500 electus
1075 1436 1107 1499 in
1130 1438 1329 1524 beneplacito

377 1538 521 1614 Domini,
534 1539 727 1622 relinquenS,
738 1535 763 1600 si
779 1535 914 1622 sapiant,
926 1537 1066 1621 regibus,
1076 1550 1109 1601 et
1121 1537 1329 1625 principibus,

372 1638 521 1725 justitiae,
537 1638 726 1704 humilitatis
740 1637 936 1723 exemplum,
952 1648 984 1700 et
1000 1637 1211 1704 fortitudinis.
1251 1644 1331 1706 Cor-

376 1739 472 1826 ripiet
500 1763 550 1803 me
572 1741 682 1826 justus
707 1739 739 1802 iu
767 1737 993 1815 misericordia,
1015 1751 1046 1803 et
1069 1738 1245 1824 increpabit
1267 1763 1329 1818 me,

376 1837 481 1903 oleum
497 1853 603 1904 autem
623 1841 797 1924 peccatoris
812 1861 875 1901 non
891 1837 1070 1923 impinguet
1092 1851 1190 1924 caput
1212 1862 1327 1905 meum.

382 1943 543 2006 Consonat
559 1942 587 2004 ei
602 1938 751 2016 Ethicus,
767 1939 893 2005 dicens:

484 2056 579 2110 Falsus
590 2057 671 2110 honor
678 2058 763 2128 juvat,
776 2061 822 2109 aut
834 2057 947 2113 mendax
960 2057 1067 2111 infamia
1079 2063 1159 2114 terret

485 2143 580 2209 Quem,
592 2143 643 2196 nisi
654 2144 804 2197 mendosum
817 2149 844 2195 et
855 2145 1025 2197 mendaeem?

379 2421 461 2504 Cap.
479 2425 527 2483 15.
556 2419 652 2486 Quod
666 2423 695 2483 ei
710 2421 873 2484 duntuaot
893 2421 965 2486 licet
985 2424 1126 2500 adulari,
1144 2413 1234 2506 quem
1257 2426 1330 2488 licet

447 2521 595 2595 occidere,
610 2527 642 2582 et
656 2522 740 2600 quod
754 2528 918 2602 tyrannus
929 2524 1079 2603 publicus
1093 2526 1192 2586 hostis
1206 2531 1262 2587 est.

421 2655 666 2718 VERUMTAMEN
690 2655 743 2716 cui
768 2653 904 2716 debetur
927 2652 987 2714 hoc
1012 2652 1118 2715 oleum
1145 2655 1331 2738 peccatoris,

328 2804 337 2841 K
381 2751 468 2836 quod
494 2753 644 2839 reprobat
672 2752 890 2839 praeambulus
916 2774 1027 2837 regum
1053 2753 1207 2831 fidelium,
1233 2767 1265 2819 et
1291 2756 1331 2818 ad

342 2878 355 2929 χ
380 2853 470 2939 quod
493 2853 674 2930 emendum,
696 2855 729 2916 iu
755 2853 905 2916 fatuitate
928 2875 986 2916 sua
1015 2853 1157 2917 exclusas
1180 2856 1331 2940 virgines,

355 2938 478 3031 Χχηιὶῑῒίῑ
493 2955 695 3038 evangelicus
710 2958 836 3017 sermo?
867 2953 908 3017 Ei
925 2957 1039 3039 utique
1065 2955 1119 3039 qui
1137 2955 1168 3017 in
1185 2956 1331 3020 sordibus

379 3044 438 3145 ist,
456 3069 487 3118 et
511 3056 601 3138 justo
622 3055 684 3116 Dei
707 3054 831 3140 judicio
856 3053 1007 3118 sordescit
1033 3055 1181 3139 amplius,
1197 3073 1228 3120 et
1244 3057 1331 3142 vulgi

378 3156 530 3244 opinione
560 3156 668 3240 potius
698 3155 862 3240 splendere
891 3155 1026 3240 appetit,
1054 3178 1150 3239 quarn
1180 3157 1331 3236 caritatis,

378 3279 577 3344 operumque
592 3257 661 3342 ejus
676 3256 798 3320 fervere
813 3255 968 3320 incendio.
1014 3257 1110 3319 Unde
1133 3271 1165 3321 et
1180 3258 1212 3320 in
1236 3280 1333 3323 saecu-

379 3361 501 3425 laribus
527 3359 626 3424 literis
653 3374 782 3424 cautum
808 3373 868 3436 est,
895 3358 971 3444 quia
1001 3358 1092 3424 aliter
1119 3384 1190 3426 cum
1221 3363 1332 3444 amico,

380 3461 472 3525 aliter
501 3460 673 3523 vivendum
704 3469 751 3522 est
780 3483 853 3522 cum
885 3471 1030 3544 tyranno.
1080 3464 1190 3524 Amico
1219 3464 1332 3548 utique

380 3559 503 3625 adulari
518 3582 580 3623 non
601 3559 684 3636 licet,
702 3559 756 3623 sed
779 3581 871 3622 aures
897 3558 1023 3643 tyranni
1048 3558 1185 3622 mulcere
1209 3560 1331 3627 licitum

381 3676 438 3728 est.
484 3663 526 3724 Ei
550 3684 688 3747 namque
712 3661 784 3724 licet
811 3659 946 3735 adulari,
965 3682 1060 3745 quem
1086 3659 1158 3725 licet
1182 3662 1332 3730 occidere.
1380 3656 1385 3664 ’

384 3765 482 3826 Porro
498 3778 666 3846 tyrannum
686 3760 828 3825 occidere
853 3782 913 3823 non
938 3759 1033 3822 modo
1058 3760 1178 3825 licitum
1202 3776 1261 3844 est,
1277 3765 1331 3828 sed

383 3885 510 3950 aequum
526 3875 558 3925 et
568 3863 706 3946 justum.
748 3862 810 3938 Qui
826 3858 908 3924 enim
924 3860 1069 3945 gladium
1084 3863 1210 3947 accipit,
1224 3866 1333 3949 gladio

383 3964 501 4051 dignus
516 3975 563 4028 est
575 3962 711 4028 interire.
751 3963 814 4028 Sed
827 3963 968 4049 accipere
979 3962 1179 4048 intelligitur,
1191 3968 1247 4050 qui
1260 3990 1333 4029 eum

383 4067 511 4152 propria
527 4063 703 4128 temeritate
716 4075 860 4148 usurpat,
872 4085 934 4125 non
950 4063 1006 4148 qui
1020 4065 1130 4126 utendi
1143 4088 1180 4126 eo
1192 4087 1210 4125 a
1223 4066 1334 4126 Domi-

385 4189 425 4228 no
440 4165 553 4251 accipit
569 4176 769 4250 potestatem.
813 4165 939 4248 Utique
954 4165 1011 4247 qui
1027 4187 1045 4225 a
1061 4168 1130 4225 Deo
1146 4174 1334 4245 potestatem

383 4267 510 4352 accipit,
526 4265 649 4348 legibus
664 4267 772 4340 servit,
788 4275 820 4326 et
832 4262 969 4344 justitiae
985 4263 1108 4343 etjuris
1123 4258 1262 4322 famulus
1277 4276 1334 4325 cst.
