3309 5309
357 659 426 707 cnr.
442 643 519 720 vrn]
695 657 952 708 rotronarrcos.
1252 651 1312 710 att

357 811 552 897 quibusdam
576 811 653 874 dum
677 811 867 889 allevantur,
890 813 1020 898 dejectis
1042 825 1071 875 et
1089 813 1234 877 miserius
1255 816 1310 878 de-

354 912 505 997 jiciendis
527 915 679 999 scriptum
704 925 769 976 est:
800 912 860 976 lsti
883 925 1106 997 regnaverunt,
1129 927 1161 977 et
1183 936 1245 977 non
1268 939 1309 981 ex

357 1036 431 1088 met
456 1015 615 1099 principes
634 1017 822 1089 extiterunt,
843 1027 876 1079 et
899 1038 960 1098 ego
980 1014 1136 1098 ignoravi,
1159 1028 1191 1078 et
1214 1015 1309 1079 alibi:

359 1115 524 1180 Tenentes
538 1115 640 1198 legem
655 1114 835 1179 nescierunt
850 1115 1045 1200 sapientiam.
1092 1117 1221 1180 Timeat
1237 1140 1313 1201 ergo

360 1216 509 1301 princeps
530 1216 717 1292 Dominum,
732 1228 764 1279 et
780 1239 812 1279 se
827 1230 976 1303 prompta
990 1216 1171 1282 bumilitate
1186 1218 1311 1293 mentis,

360 1329 391 1381 et
404 1321 460 1402 pia
470 1317 665 1382 exhibitione
674 1321 790 1402 operis,
798 1341 925 1383 servum
935 1318 1132 1404 profiteatur.
1155 1320 1314 1384 Dominus

360 1419 479 1481 etenim
511 1419 594 1482 servi
624 1418 773 1482 dominus
794 1432 853 1484 est.
910 1420 1014 1483 Servit
1035 1419 1145 1504 itaque
1176 1419 1314 1484 Domino

361 1518 522 1604 princeps,
544 1519 622 1582 dum
645 1519 803 1583 conservis
826 1520 903 1597 suis,
932 1520 1067 1585 subditis
1097 1519 1215 1585 scilicet
1244 1522 1315 1601 sibi,

362 1618 502 1684 fideliter
523 1620 628 1683 servit.
675 1619 785 1684 Sedet
809 1621 983 1683 Dominum
1006 1624 1112 1684 Deum
1135 1643 1202 1684 esse
1218 1643 1314 1704 agno-

363 1731 443 1797 scat,
458 1719 510 1783 cui
525 1741 587 1783 non
608 1720 682 1804 plus
698 1719 818 1783 timoris
833 1743 872 1783 ex
894 1721 1068 1805 majestate,
1088 1743 1185 1805 quam
1202 1722 1317 1785 amoris

364 1841 406 1883 ex
436 1822 555 1906 pietate
586 1819 801 1883 exhibendum
834 1833 893 1885 est.
942 1823 1038 1884 Pater
1063 1821 1179 1884 etenim
1203 1834 1262 1898 est,
1285 1834 1316 1885 et

366 1919 419 1984 cui
429 1921 681 1994 nullacreatura‚
694 1919 795 2006 ipsius
805 1920 1071 1997 facientemerito,
1083 1943 1199 2005 negare
1208 1934 1316 2007 >potest

366 2020 546 2085 dilectionis
561 2025 719 2085 affectum.
765 2022 797 2087 Si
819 2045 907 2106 ergo,
922 2022 1040 2107 inquit,
1067 2022 1216 2086 dominus
1236 2044 1318 2098 sum,

367 2122 423 2186 ubi
438 2133 485 2185 est
502 2122 596 2185 timor
605 2145 712 2186 meus:
739 2123 771 2185 si
787 2137 970 2209 paternum,
986 2125 1043 2187 ubi
1054 2137 1102 2187 est
1112 2144 1200 2186 amor
1210 2128 1319 2188 meus?

368 2223 476 2288 Verba
490 2246 619 2309 quoque
635 2224 713 2308 legis
735 2225 943 2289 custodienda
958 2240 1043 2304 sunt,
1058 2225 1145 2311 quod
1162 2249 1200 2289 ex
1217 2226 1321 2310 primo

369 2324 492 2389 timoris
517 2325 632 2408 gradu,
659 2327 797 2411 quadam
825 2329 916 2412 quasi
941 2329 1097 2393 virtutum
1122 2328 1218 2405 scala,
1237 2328 1321 2391 felici

369 2425 513 2510 procedit
542 2447 680 2494 ascensu.
726 2428 875 2505 Dilectio‚
905 2429 1021 2514 inquit,
1051 2429 1148 2504 illius,
1178 2430 1323 2494 custodia

369 2527 478 2612 legum
500 2540 558 2603 est,
582 2528 659 2613 quia
689 2530 791 2593 omnis
813 2529 968 2615 sapientia
990 2531 1084 2592 timor
1109 2532 1239 2593 Domini
1264 2547 1320 2594 est.

369 2629 471 2690 Porro
487 2629 543 2714 qui
565 2632 655 2694 timet
676 2630 794 2706 Deum,
810 2631 904 2693 faciet
923 2630 1017 2706 bona,
1034 2645 1065 2694 et
1089 2632 1145 2715 qui
1161 2633 1325 2695 continens

370 2741 420 2791 cst
430 2728 577 2812 justitiae,
598 2730 814 2816 apprehendet
837 2730 934 2807 illam,
950 2743 982 2793 et
1003 2731 1146 2794 obviabit
1168 2731 1212 2794 illi
1234 2732 1325 2816 qnasi

371 2839 474 2890 mater
502 2829 682 2892 honorifica.
728 2830 791 2894 Sed
816 2853 889 2917 quae
912 2831 1018 2905 verba,
1050 2830 1214 2915 diligentia
1237 2844 1326 2895 tanta

372 2929 551 2992 custodiet?
575 2929 699 3013 Utique
710 2953 784 3015 quae
795 2943 955 3016 praecepta
967 2942 1041 2993 sunt
1052 2931 1083 2993 in
1098 2931 1178 3015 lege,
1189 2945 1224 2994 ut
1239 2933 1324 3016 apud

372 3027 555 3113 Principem
583 3029 648 3090 iota
672 3029 718 3091 vel
736 3052 817 3112 apex
844 3030 923 3114 legis
944 3053 1006 3095 non
1029 3031 1122 3095 cadat
1148 3032 1180 3094 in
1198 3043 1325 3105 terram,

372 3128 463 3213 quod
492 3149 555 3190 non
584 3127 637 3190 ille
667 3130 814 3214 propriis,
849 3131 899 3193 vel
929 3131 1076 3194 manibus
1112 3131 1325 3214 subjectorum

372 3227 523 3309 excipiat.
570 3229 652 3292 Sunt
666 3241 774 3293 autem
790 3240 949 3314 praecepta
964 3230 1125 3314 quaedam,
1141 3242 1324 3314 perpetuam

373 3329 526 3392 babentia
540 3330 767 3409 necessitatem,
783 3330 869 3415 apud
886 3352 994 3393 omnes
1005 3345 1116 3415 gentes
1131 3329 1283 3414 legitima,
1295 3344 1327 3394 et

374 3452 449 3514 quae
464 3429 592 3492 omnino
606 3429 737 3515 impune
753 3431 832 3494 solvi
849 3453 911 3492 non
933 3445 1076 3516 possunt.
1123 3434 1209 3495 Ante
1226 3430 1326 3514 legent

376 3529 528 3612 sublege,
541 3529 601 3592 sub
611 3531 725 3614 gratia,
740 3553 849 3594 omnes
864 3531 915 3593 lex
928 3553 991 3595 una
1000 3531 1187 3614 constringit
1200 3557 1207 3595 :
1232 3532 1329 3605 Quod

376 3630 436 3694 tibi
452 3652 515 3692 non
531 3631 578 3694 vis
592 3631 672 3706 fieri,
690 3632 742 3697 alii
765 3655 805 3697 ne
822 3633 952 3703 feceris3
977 3646 1009 3696 et
1024 3632 1112 3718 quod
1129 3631 1188 3696 tibi
1204 3632 1251 3695 vis
1260 3633 1329 3696 fieri

376 3730 569 3808 faciendum,
592 3732 652 3795 hoc
673 3733 770 3796 facias
795 3732 875 3796 aliis.
939 3733 1117 3797 Procedant
1144 3754 1229 3795 nunc
1245 3733 1331 3796 deal·

345 3861 349 3885 ¹
378 3831 504 3894 batores
526 3845 704 3916 potentum,
729 3848 905 3912 susurrent,
935 3847 991 3896 aut
1009 3833 1033 3897 si
1057 3834 1115 3897 hoc
1132 3856 1243 3919 parum
1269 3847 1328 3908 est,

380 3929 507 4014 publice
531 3947 752 4016 praeconentur
778 3934 953 4020 principem
985 3956 1048 3996 non
1073 3957 1139 3997 esse
1165 3934 1228 4017 legi
1256 3934 1331 3996 sub·

367 4032 508 4115 jectum,
526 4044 557 4094 et
574 4031 658 4117 quod
675 4033 703 4096 ei
715 4033 831 4119 placet,
847 4056 908 4096 non
920 4034 1055 4097 modoin
1068 4035 1143 4120 jure
1156 4030 1330 4095 secundum

379 4131 511 4193 formam
527 4133 688 4217 aequitatis
702 4133 878 4210 condendo,
901 4135 955 4197 sed
972 4135 1235 4219 qualitercunque
1252 4129 1332 4207 legis

382 4230 497 4293 babere
521 4233 672 4316 vigorem.
727 4240 847 4318 Regem
875 4255 969 4316 quem
994 4232 1073 4316 legis
1088 4231 1234 4312 nexibus
1258 4228 1330 4290 sub·

428 4351 498 4396 von.
516 4351 566 4396 111.
848 4353 870 4394 a
