3309 5309
345 689 407 746 226
605 698 740 744 sosnust
758 699 1040 747 suessanoruusrs
1158 681 1240 759 [trs.
1258 698 1301 743 tv.

347 858 454 937 Atque
471 852 515 915 ita
533 850 739 915 Athenienses
750 849 870 912 virtute
885 848 988 926 ducis,
999 872 1058 934 pro
1074 849 1176 913 salute
1192 853 1304 935 patriae

348 956 443 1017 morti
458 976 490 1016 se
505 952 678 1028 offerentis,
694 949 778 1013 bello
797 950 983 1013 liberantur.
1031 950 1114 1014 Item
1133 951 1304 1038 Lycurgus

348 1056 380 1119 in
393 1077 491 1139 regno
502 1076 559 1116 suo
572 1053 698 1116 decreta
710 1053 919 1127 constituens,
933 1050 1088 1137 populum
1104 1052 1137 1114 in
1153 1053 1304 1138 obsequia

350 1156 541 1242 principum,
553 1154 713 1240 principes
728 1153 768 1216 ad
780 1154 939 1238 justitiam
956 1153 1129 1237 impiorum
1147 1156 1304 1220 firmavit:

349 1261 419 1321 auri
435 1258 622 1341 argentique
639 1279 743 1331 usum,
759 1268 792 1319 et
813 1256 954 1319 omnium
972 1254 1126 1319 scelerum
1144 1257 1306 1320 materiam

353 1359 497 1423 sustulit:
523 1359 646 1423 senatui
659 1358 836 1422 custodiam
852 1357 970 1442 legum,
983 1358 1104 1444 populo
1120 1358 1305 1442 sublegendi

353 1474 495 1524 senatum
513 1472 701 1545 potestatem
714 1460 813 1523 dedit.
847 1460 967 1525 Statuit
980 1460 1135 1544 virginem
1153 1460 1220 1525 siue
1235 1460 1307 1524 dote

351 1563 483 1637 nubere,
507 1576 541 1626 ut
568 1585 682 1626 uxores
708 1561 913 1646 eligerentur,
937 1584 998 1624 uon
1024 1562 1169 1647 pecunia.
1217 1563 1308 1626 Max-

354 1664 452 1728 imum
469 1663 619 1726 honorem
645 1685 702 1748 pro
721 1663 825 1746 gradu
848 1662 952 1725 aetatis
974 1684 1083 1725 senum
1100 1685 1167 1726 esse
1186 1663 1306 1734 voluit;

354 1790 411 1830 nec
426 1789 499 1830 sane
515 1788 650 1850 usquam
671 1778 764 1828 terrae
786 1764 890 1828 locum
908 1764 1138 1828 honoratiorem
1165 1779 1309 1829 senectus

355 1869 461 1933 habet.
515 1868 640 1931 Deinde
667 1879 702 1931 ut
729 1868 939 1931 aeternitatem
966 1867 1032 1930 suis
1058 1866 1184 1950 legibus
1209 1867 1310 1941 daret,

351 1969 563 2054 jurejurando
585 1970 707 2053 obligat
728 1968 900 2046 civitatem,
916 1967 993 2030 nihil
1017 1991 1070 2032 eos
1091 1968 1132 2033 de
1152 1971 1223 2054 ejus
1238 1969 1311 2053 legi-

359 2073 419 2133 bus
433 2083 625 2149 mutaturos,
639 2084 810 2154 antequam
827 2082 1048 2133 reverteretur.
1096 2070 1313 2134 Proficiscitur

358 2183 465 2234 autern
485 2173 626 2246 Cretam,
642 2171 686 2234 ibi
702 2184 894 2256 perpetuum
915 2170 1046 2234 exilium
1061 2171 1139 2254 egit,
1156 2172 1315 2259 abjicique

360 2272 496 2334 moriens
516 2294 586 2334 ossa
607 2295 663 2335 sua
685 2272 717 2333 in
740 2294 826 2335 mare
844 2273 954 2358 jussit,
970 2295 1009 2336 ne
1033 2272 1141 2336 relatis
1165 2274 1315 2339 Lacedae·

360 2395 483 2436 monem
497 2372 618 2436 solutos
631 2396 662 2435 se
674 2373 824 2456 religione
836 2373 1048 2459 jurisjurandi
1059 2375 1092 2438 in
1104 2374 1315 2440 dissolvendis

360 2475 482 2558 legibus
496 2473 738 2538 arbitrarentur.
772 2474 835 2538 His
850 2476 978 2561 quidem
994 2476 1148 2561 exemplis
1163 2499 1203 2541 eo
1218 2477 1315 2541 liben-

361 2575 426 2639 tius
441 2589 526 2655 utor,
535 2575 620 2660 quod
637 2576 825 2660 Apostolum
844 2577 980 2642 Paulum
996 2578 1113 2643 eisdem
1131 2602 1225 2644 usum
1241 2579 1315 2644 durn

362 2677 614 2741 Atheniensibus
639 2677 839 2761 praedicaret,
862 2677 999 2742 invenio.
1045 2679 1178 2745 Studuit
1201 2680 1317 2766 praedi·

363 2790 450 2840 cator
464 2781 612 2863 egregius
632 2780 744 2842 Jesum
767 2778 944 2856 Christum,
960 2791 991 2842 et
1008 2778 1093 2842 hunc
1113 2779 1316 2854 crucifixum,

363 2880 407 2942 sic
423 2880 584 2944 mentibus
599 2903 708 2944 eorum
730 2881 886 2964 ingerere,
902 2893 938 2944 ut
954 2902 1011 2965 per
1026 2880 1232 2963 ignominiam
1248 2903 1317 2945 cru-

365 2982 420 3062 cis,
441 2982 657 3046 liberationem
681 2982 866 3060 multorum,
887 2981 1033 3067 exemplo
1054 2983 1222 3067 gentilium
1247 3007 1318 3070 pro·

365 3086 497 3165 venisse,
512 3084 648 3149 doceret.
688 3083 749 3148 Sed
765 3098 797 3148 et
811 3085 874 3149 ista
885 3084 1043 3171 persuasit
1057 3084 1125 3148 fieri
1140 3107 1203 3149 non
1219 3085 1317 3151 solere

367 3187 427 3251 nisi
442 3186 474 3249 in
491 3187 643 3272 sangnine
660 3188 835 3271 justorum,
851 3200 883 3252 et
899 3209 1008 3250 eorum
1026 3185 1082 3271 qui
1104 3187 1217 3272 populi
1232 3211 1319 3272 gere-

368 3304 439 3352 rent
461 3289 693 3373 magistratum.
739 3292 839 3352 Porro
860 3288 902 3352 ad
925 3289 1142 3354 liberationem
1169 3289 1322 3368 omnium,

369 3388 485 3453 scilicet
502 3390 692 3456 Judaeorum
714 3403 744 3453 et
766 3393 923 3474 gentium,
937 3413 1029 3455 nemo
1045 3389 1201 3454 sufficiens
1216 3390 1321 3473 potuit

370 3489 517 3566 inveniri,
534 3491 593 3555 nisi
607 3492 660 3555 ille
675 3493 726 3555 cui
741 3493 773 3556 in
790 3492 999 3558 hereditatem
1015 3494 1100 3558 datae
1116 3507 1188 3556 sunt
1205 3505 1323 3576 gentes,

372 3603 404 3654 et
428 3591 586 3675 praefinita
611 3607 658 3657 est
684 3594 785 3657 omnis
809 3607 894 3657 terra
922 3596 1077 3680 possessio
1101 3594 1179 3678 ejus.
1225 3595 1322 3658 Hunc

372 3705 477 3755 autem
490 3693 587 3758 alium
602 3719 669 3759 esse
684 3718 746 3758 non
758 3719 861 3780 posse,
871 3719 967 3782 quam
985 3697 1085 3761 filium
1100 3695 1324 3780 omnipotentis

374 3795 436 3857 Dei
459 3801 604 3872 asseruit,
629 3822 726 3883 quum
750 3814 868 3884 praeter
890 3804 998 3864 Deum
1023 3813 1146 3886 genteS,
1168 3813 1202 3864 et
1228 3812 1324 3864 terras

373 3919 492 3973 omnes,
513 3920 604 3962 nemo
626 3902 796 3985 subegerit.
842 3906 928 3966 Dum
949 3925 1026 3987 ergo
1048 3902 1092 3965 sic
1113 3900 1217 3965 crucis
1237 3901 1324 3986 igno

375 3998 504 4063 miniam
521 4001 719 4085 praedicaret,
735 4017 771 4067 ut
786 4007 928 4088 gentium
949 4007 1104 4090 paulatim
1121 4016 1324 4069 evacuaretur

378 4101 527 4178 stultitia,
548 4104 661 4166 sensim
682 4104 722 4166 ad
747 4105 808 4168 Dei
825 4106 969 4185 verbum,
984 4104 1110 4190 Deique
1130 4105 1323 4191 sapientiam,

375 4217 408 4272 et
421 4204 525 4291 ipsum
536 4205 631 4270 etiam
647 4205 764 4271 divinae
776 4209 950 4294 majestatis
962 4208 1085 4288 solium,
1095 4209 1229 4272 verbum
1245 4205 1325 4283 fidei,

378 4321 409 4372 et
425 4307 566 4393 linguam
586 4309 803 4394 praedicatoris
824 4315 935 4376 erexit.
983 4312 1029 4374 Et
1048 4333 1088 4374 ue
1103 4311 1208 4375 virtus
1227 4314 1325 4376 Evau-
