3309 5309
346 658 409 716 234
610 662 746 708 Joanurs
762 661 1037 706 sanasnamansrs
1160 640 1242 718 [ma.
1259 661 1298 703 1v.

345 813 745 899 eruntbonafiscaliaquae
755 811 1069 898 publicaconfitetur.
1094 813 1163 874 Nec
1173 813 1299 889 mirum,

347 941 447 1006 quum
465 939 521 980 nec
539 915 606 1002 ipse
622 937 699 979 suus
715 913 767 989 sit,
784 910 839 977 sed
856 911 1069 976 subditorum.

346 1197 425 1277 Cap.
443 1198 473 1255 6.
500 1191 593 1258 Quod
615 1188 703 1251 debet
722 1190 820 1267 legem
843 1186 908 1248 Dei
929 1185 1044 1247 habere
1063 1203 1139 1265 prae
1152 1189 1257 1245 mente
1270 1187 1299 1245 et

388 1294 490 1355 oculis
503 1309 637 1372 semper,
653 1296 684 1350 et
704 1289 831 1368 peritus
845 1306 910 1348 esse
924 1287 961 1347 ln
977 1286 1089 1358 literis,
1106 1292 1137 1347 ot
1159 1286 1298 1346 literato·

388 1413 464 1456 rum
479 1393 536 1473 ogi
551 1390 702 1453 consiliis.

388 1529 571 1596 Posroumu
587 1535 693 1586 autem
708 1519 822 1607 sederit
837 1520 869 1583 in
882 1519 960 1583 solio
972 1519 1062 1604 regni
1075 1519 1136 1599 sui,
1147 1519 1301 1585 describet

347 1627 407 1692 sibi
423 1622 710 1690 Deuteronomium
732 1622 812 1707 legis
834 1622 933 1707 hujus
954 1622 985 1684 in
1003 1620 1175 1685 volumine.
1219 1625 1300 1686 Ecce

345 1733 423 1817 buia
444 1729 593 1814 princeps
615 1749 676 1790 non
700 1726 796 1790 debet
817 1749 883 1790 esse
900 1726 987 1811 juris
1008 1724 1151 1810 ignarus,
1174 1738 1207 1790 et
1230 1724 1300 1791 licet

345 1831 456 1897 multis
468 1829 640 1917 privilegiis
655 1828 805 1912 gaudeat,
818 1850 875 1891 nec
891 1827 1012 1891 militiae
1027 1840 1188 1912 praetextu
1200 1828 1299 1913 legem

347 1934 478 2001 Domini
493 1930 692 2014 permittitur
707 1933 862 2013 ignorare.
907 1931 1075 1994 Describet
1087 1952 1165 2014 ergo
1180 1933 1300 1994 Deute-

346 2034 524 2099 ronomium
541 2033 631 2118 legis,
648 2031 680 2096 id
701 2045 759 2111 est,
774 2031 945 2096 secundam
967 2031 1068 2117 legem
1092 2031 1125 2095 in
1141 2031 1301 2096 volumine

346 2135 469 2210 cordis3
495 2147 531 2199 ut
544 2135 584 2198 sit
594 2135 648 2198 lex
663 2134 777 2219 prima,
789 2156 885 2219 quam
899 2133 991 2197 litera
1004 2133 1139 2218 ingerit3
1164 2132 1302 2198 secunda

346 2261 442 2324 quam
469 2258 508 2299 ex
535 2235 564 2298 ei
593 2238 748 2320 mysticus
773 2235 956 2313 intellectus
983 2234 1135 2320 agnoscit.
1193 2234 1302 2297 Prima

348 2339 476 2427 quidem
503 2336 596 2400 scribi
622 2336 730 2423 potuit
757 2338 876 2402 tabulis
903 2337 1054 2424 lapideis;
1087 2337 1142 2401 sed
1165 2335 1302 2400 secunda

348 2463 408 2504 non
424 2437 630 2524 imprimitur,
648 2436 706 2500 nisi
730 2439 762 2500 in
783 2438 913 2524 puriore
936 2438 1147 2523 intelligentia
1169 2439 1302 2502 mentis?

346 2543 392 2605 Et
408 2550 492 2604 recte
507 2538 538 2600 in
556 2536 717 2601 volumine
737 2539 1022 2604 Deuteronomium
1047 2539 1210 2615 scribitur,
1227 2539 1303 2624 quia

348 2647 392 2709 sic
407 2640 495 2728 apud
513 2663 545 2704 se
567 2662 692 2704 sensum
717 2639 796 2723 legis
818 2640 965 2727 princeps
988 2641 1135 2716 revolvit,
1151 2642 1240 2727 quod
1261 2641 1302 2704 ab

345 2741 446 2807 oculis
459 2742 529 2827 ejus
544 2739 636 2804 litera
650 2763 712 2803 non
729 2740 858 2804 recedit.
905 2742 950 2804 Et
966 2743 1010 2805 sic
1032 2740 1161 2826 quidem
1185 2741 1301 2806 insistit

347 2843 459 2921 literae,
480 2855 517 2907 ut
540 2864 742 2928 nequaquam
766 2843 807 2906 ab
831 2841 1012 2907 intellectus
1034 2842 1194 2907 discordet
1217 2843 1302 2929 puri-

348 2958 423 3010 tate.
466 2942 577 3008 Litera
592 2965 729 3029 namque
745 2942 871 3017 occidit,
885 2943 1016 3029 spiritus
1032 2956 1141 3008 autem
1153 2945 1302 3023 vivificat,

347 3065 379 3112 et
406 3069 502 3133 penes
527 3049 645 3132 ipsum,
671 3045 804 3108 humani
828 3046 914 3131 juris
939 3059 970 3109 et
1001 3046 1173 3132 aequitatis,
1201 3047 1303 3111 media

347 3147 568 3234 interpretatio
580 3150 765 3220 necessaria,
777 3161 809 3211 et
821 3147 976 3232 generalis
987 3160 1086 3213 extat.
1127 3150 1302 3235 Accipiens

347 3246 889 3335 inquit‚exemplarasacerdotibus
899 3247 1050 3312 Leviticae
1060 3248 1173 3313 tribus.
1205 3252 1302 3312 Recte

348 3348 488 3434 quidem.
535 3349 687 3412 Omnium
704 3348 810 3432 legum
834 3348 937 3411 inanis
959 3363 1006 3413 est
1029 3372 1174 3426 censura,
1191 3350 1216 3412 si
1239 3371 1301 3412 non

348 3451 467 3514 divinae
492 3448 569 3533 legis
591 3452 761 3534 imaginem
784 3462 895 3533 gerat3
926 3463 959 3514 et
982 3451 1103 3516 inutilis
1116 3463 1165 3515 est
1187 3451 1301 3514 consti-

348 3551 432 3616 tutio
462 3549 626 3636 principis‚
654 3551 678 3614 si
705 3573 768 3614 non
795 3550 1027 3617 Ecclesiasticae
1057 3551 1236 3637 disciplinae
1261 3552 1301 3616 sit

347 3651 527 3716 conformis.
583 3652 678 3726 Quod
708 3666 739 3716 et
772 3652 1079 3717 Christianissimum
1108 3677 1172 3718 non
1207 3653 1302 3718 latuit

346 3752 532 3839 principem,
555 3754 612 3838 qui
635 3753 760 3838 legibus
786 3754 852 3818 suis
873 3754 1003 3836 indixit,
1025 3777 1065 3818 ne
1087 3755 1302 3840 dedignentur

348 3875 451 3918 sacros
476 3875 611 3917 canones
637 3854 766 3920 imitari.
818 3858 864 3920 Et
890 3880 952 3920 non
979 3857 1076 3920 modo
1101 3857 1299 3921 sacerdotum
1360 3846 1363 3850 ⁴

345 3952 540 4039 exemplaria
561 3953 626 4038 peti
650 3955 807 4041 praecipit,
824 3957 878 4021 sed
902 3956 943 4020 ad
967 3957 1146 4020 Leviticam
1170 3957 1300 4034 tribum,

346 4053 516 4120 mutuandi
532 4053 647 4137 gratia,
662 4052 836 4138 principem
853 4054 961 4119 mittit.
1002 4054 1052 4118 Sic
1068 4055 1151 4117 enim
1168 4052 1300 4140 legitimi

348 4157 526 4222 sacerdotes
552 4153 703 4218 audiendi
730 4167 815 4230 sunt,
842 4169 879 4220 nt
904 4155 1047 4242 reprobis
1072 4168 1103 4219 et
1134 4155 1300 4219 ascenden-

345 4261 432 4326 tibus
448 4282 485 4324 ex
502 4257 646 4334 adverso,
663 4280 787 4322 omnem
803 4259 852 4323 vir
867 4259 978 4342 justus
993 4258 1123 4323 claudat
1140 4258 1297 4323 auditum.
