3309 5309
346 674 409 732 att
607 683 743 728 scaurus
760 679 1041 725 snaususutsusrs
1133 663 1213 743 [mn.
1230 662 1307 750 χιιι.

350 835 479 921 adjecit,
497 833 557 896 Sed
576 844 667 915 pater
683 853 770 895 meus
786 852 879 915 saepe.
923 828 993 896 Joci
1009 829 1119 916 itaque
1134 831 1308 916 asperitate

353 937 474 1000 urbana
496 932 642 996 notitiam
665 930 819 1011 omnium,
837 944 870 994 et
892 930 1140 995 familiaritatem
1167 932 1308 1017 Impera-

352 1037 431 1101 toris
446 1035 505 1098 sibi
520 1032 710 1097 conciliavit.
755 1037 919 1115 Augustus
939 1031 972 1095 in
987 1031 1162 1096 Pollionem
1179 1034 1310 1118 scripse-

354 1151 403 1202 rat
423 1134 645 1200 Fescenninos.
683 1137 727 1198 At
746 1156 817 1218 ego,
838 1131 945 1218 inquit
966 1132 1079 1213 Pollio,
1101 1148 1202 1198 taceo.
1239 1137 1310 1198 Non

351 1252 399 1303 est
414 1242 483 1301 leve
497 1237 530 1299 in
546 1257 618 1298 eum
636 1233 769 1298 scribere
784 1233 841 1318 qui
857 1247 962 1319 potest
978 1236 1185 1318 proscribere.
1221 1237 1308 1300 Sicut

352 1351 459 1401 autem
483 1357 545 1399 non
568 1333 661 1398 facile
676 1333 873 1418 concipiebat
897 1333 987 1408 iram,
1003 1332 1047 1397 ita
1069 1356 1127 1398 nec
1141 1334 1235 1399 facile
1254 1335 1307 1398 ad·

353 1439 501 1502 mittebat
515 1437 554 1500 ad
572 1435 757 1512 amicitiam3
781 1447 812 1498 et
828 1457 924 1520 quem
938 1439 1033 1498 semel
1044 1435 1227 1511 admiserat,
1238 1459 1309 1499 con·

355 1539 547 1603 stantissime
567 1536 734 1600 retinebat.
780 1535 896 1601 Eidem
916 1536 1000 1600 inter
1021 1537 1108 1600 varia
1121 1537 1309 1602 dedecoraa

354 1640 492 1727 quodam
523 1638 675 1724 probrose
710 1637 871 1723 objectum
901 1650 961 1717 est,
989 1637 1075 1722 quod
1105 1637 1308 1723 adoptionem

353 1741 500 1807 avunculi
529 1754 641 1826 stupro
666 1738 828 1818 meruerit,
851 1739 925 1824 quia
947 1761 1020 1802 eum
1050 1738 1163 1802 Julius
1193 1740 1310 1803 arctius

354 1842 517 1906 admisisse
531 1841 636 1904 dictus
650 1853 709 1915 est,
726 1862 787 1901 uon
804 1839 870 1902 sine
892 1862 1018 1904 rumore
1033 1853 1201 1925 prostratae
1216 1841 1308 1925 pudi-

354 1944 448 2008 citiae.
477 1942 573 2005 Alius
586 1964 715 2027 quoque
726 1940 827 2004 eidem
844 1940 945 2004 iratus
955 1942 1081 2027 objecit,
1095 1943 1184 2026 quod
1200 1942 1309 2006 solitus

355 2057 434 2106 essct
451 2065 543 2104 crura
558 2041 682 2105 ardenti
694 2042 761 2103 face
774 2041 938 2119 suburere,
949 2066 1013 2126 qno
1025 2041 1150 2106 mollior
1166 2057 1307 2127 surgeret

355 2140 450 2225 pilus.
496 2139 558 2204 Sed
585 2153 615 2202 et
643 2162 680 2201 eo
707 2139 959 2224 tympanizante,
983 2144 1073 2204 utin
1101 2143 1207 2226 primo
1229 2141 1309 2206 libro

355 2241 473 2304 dixisse
489 2263 539 2302 me
551 2239 696 2303 memini:
721 2240 884 2316 Vides-ne,
895 2241 1000 2325 inquit
1015 2243 1158 2327 plebeius
1170 2244 1310 2330 quidam,

357 2355 394 2404 ut
406 2340 546 2403 cinaedus
556 2340 664 2403 orbem
677 2340 778 2424 digito
788 2346 966 2428 temperat?
983 2345 1028 2407 Et
1040 2367 1141 2430 quum
1155 2368 1257 2410 nanus
1268 2347 1308 2410 ob

357 2440 497 2526 corporis
527 2440 713 2504 brevitatem
754 2444 956 2507 convitiantis
988 2445 1154 2529 cujusdam
1187 2449 1309 2533 impetu

358 2542 526 2621 diceretur,
555 2541 615 2604 sibi
644 2541 857 2607 calciamentis
888 2546 1123 2629 grandiusculis
1153 2550 1307 2614 utendum

357 2666 423 2705 esse
438 2641 610 2727 respondit.
638 2641 784 2707 Tiberius
795 2667 927 2730 quoque
942 2669 1042 2731 quum
1055 2648 1087 2711 in
1104 2649 1217 2713 multis
1227 2649 1310 2734 lega·

359 2758 413 2806 tur
436 2743 534 2806 fuisse
559 2743 738 2829 culpabilis,
762 2757 867 2808 tamen
894 2747 1047 2812 adversus
1071 2750 1210 2816 convitia
1236 2753 1310 2817 satis

358 2844 469 2907 firmus
495 2868 530 2907 ac
562 2846 685 2929 patiens
710 2846 830 2922 extitit,
856 2846 980 2912 dicens:
1022 2851 1098 2936 quia
1123 2853 1155 2915 in
1182 2854 1309 2918 civitate

360 2945 469 3022 libera,
487 2944 612 3029 linguas
627 2944 742 3009 liberas
757 2969 835 3023 esse,
849 2961 881 3011 et
905 2964 1025 3015 mentes
1038 2952 1201 3018 bominum
1217 2977 1309 3041 opor·

360 3048 457 3111 tebat.
504 3048 558 3127 Et,
581 3060 616 3110 ut
638 3046 679 3110 ad
695 3049 818 3133 pejores
835 3061 1003 3130 transeam,
1019 3055 1225 3122 Domitianus
1242 3082 1309 3122 ver-

359 3145 472 3209 borum
500 3145 576 3209 satis
601 3145 724 3230 patiens
750 3145 822 3222 fuit,
849 3147 880 3210 in
911 3172 976 3234 quo
1002 3151 1046 3215 sic
1072 3153 1185 3219 lusisse
1209 3157 1308 3222 fertur

358 3260 465 3311 orator
486 3247 650 3315 Lucinius.
697 3251 770 3311 Non
786 3271 853 3312 esse
870 3249 1062 3329 mirandum,
1078 3257 1167 3341 quod
1190 3281 1306 3322 aeneam

359 3346 489 3411 baberet
506 3348 648 3425 barbam,
665 3349 717 3411 cui
732 3372 767 3412 os
783 3352 931 3428 ferreum,
946 3375 1000 3416 cor
1015 3353 1202 3439 plumbeum
1217 3372 1308 3439 esset,

359 3469 397 3509 eo
410 3446 498 3531 quod
512 3449 592 3511 dura
604 3449 763 3514 duntaxat
776 3450 977 3535 loquebatur,
990 3478 1065 3540 quae
1076 3480 1115 3521 ex
1128 3459 1307 3546 iniquitatis

360 3546 466 3631 adipe,
482 3570 577 3630 quam
594 3549 689 3613 corde
709 3564 907 3637 conceperat,
921 3553 1145 3636 procedebant.
1191 3559 1310 3645 Iniqui·

360 3646 435 3709 tatis
449 3646 530 3708 enim
547 3647 655 3711 sedere
670 3649 861 3714 describitur
879 3673 974 3736 super
996 3654 1152 3722 talentum
1176 3659 1308 3744 plumbi.

360 3746 569 3830 Vespasianus
591 3772 723 3834 quoque
745 3751 785 3814 de
807 3773 875 3835 quo
897 3753 929 3816 io
952 3753 1034 3819 libro
1056 3760 1207 3837 mundo,
1230 3760 1307 3824 dum

362 3846 657 3930 Hierosolymorum
694 3850 869 3916 destructio
905 3853 1147 3936 describeretur,
1178 3861 1308 3926 fecimus

360 3945 560 4021 mentionem,
574 3949 668 4012 etiam
680 3950 877 4016 infirmorum
890 3955 1032 4021 convicia
1041 3960 1202 4043 patienter
1213 3963 1306 4035 tulit3

360 4052 440 4115 adeo
462 4062 497 4112 ut
522 4071 594 4111 sene
619 4049 760 4113 bubulco
783 4055 998 4137 proclamante
1022 4057 1054 4121 in
1080 4059 1305 4149 improperium
1329 4087 1331 4090 ·

358 4154 439 4238 ejus,
466 4149 603 4235 Vulpem
628 4150 730 4235 pilum
755 4176 846 4237 posse
869 4169 992 4222 mutare
1015 4181 1078 4224 non
1101 4163 1256 4243 animum,
1271 4187 1307 4228 eo

355 4253 443 4338 quod
466 4265 580 4319 natura
603 4251 828 4338 cupidissimus
852 4271 933 4324 esset
957 4262 1114 4356 pecumm
1128 4288 1187 4330 nec
1207 4266 1305 4333 avan-
