3309 5309
475 929 667 996 solutus
691 928 1080 995 sanusnunruusrs

393 1107 1170 1207 POLYCRATICUS,

748 1298 815 1335 SIVE
858 1304 860 1309 '

306 1449 350 1497 Dll
376 1448 477 1497 uuols
501 1447 688 1498 CURIALIUM
714 1446 755 1497 ET
779 1442 942 1495 VESTIGHS
967 1440 1259 1494 Puruosorlroltuu.

609 1870 753 1934 LIBER
774 1869 963 1934 PRIMUS.

695 2070 878 2116 PROLOGUS.

351 2193 372 2256 J
375 2207 620 2254 uenunrssruns
637 2210 735 2273 quum
749 2190 783 2252 in
799 2187 919 2267 multis,
932 2196 998 2252 tum
1014 2188 1049 2252 in
1064 2209 1104 2253 eo
1120 2192 1260 2256 maxime

309 2302 358 2357 est
385 2293 547 2356 literarum
573 2293 705 2369 fructus,
730 2288 817 2374 quod
848 2289 992 2352 omnium
1020 2290 1263 2358 interstitiorum

311 2394 376 2457 loci
405 2404 438 2456 ct
466 2392 619 2476 temporis
648 2392 781 2455 exclusa
809 2389 968 2468 molestia,
997 2391 1172 2456 amicorum
1199 2393 1264 2458 sibi

313 2494 449 2558 invicem
475 2493 677 2577 praesentiam
707 2491 874 2570 exhibent,
897 2500 929 2554 et
956 2511 1007 2554 res
1032 2493 1115 2555 scitu
1140 2493 1265 2576 dignas,

310 2596 375 2659 situ
389 2596 508 2659 aboleri
528 2616 593 2657 uon
613 2593 787 2678 patiuntur.
833 2594 919 2655 Nam
939 2603 971 2655 ct
991 2601 1073 2656 artes
1093 2595 1265 2676 perierant,

310 2706 503 2761 evanuerant
519 2695 603 2779 jura,
617 2695 694 2759 fidei
709 2703 743 2758 et
756 2695 857 2758 totius
876 2694 1042 2776 religionis
1056 2695 1161 2760 officia
1176 2717 1263 2782 quae·

311 2820 374 2882 que
389 2808 583 2872 corruerant,
597 2797 733 2881 ipseque
756 2797 835 2860 recti
859 2795 1019 2861 defecerat
1038 2817 1116 2861 usus
1132 2799 1263 2884 eloquii,

310 2899 373 2961 nisi
398 2900 432 2962 in
455 2898 632 2962 remedium
657 2898 898 2962 infirmitatibus
920 2899 1081 2978 humanae,
1101 2900 1265 2963 literarum

312 3022 404 3064 usum
419 3002 608 3064 mortalibus
628 3001 738 3064 divina
758 3000 919 3063 miseratio
938 3011 1150 3082 procurasset.
1194 3003 1265 3066 Ex·

312 3103 419 3186 empla
447 3100 613 3185 majorum,
643 3124 714 3184 quae
741 3110 814 3164 suut
838 3100 1046 3163 incitamenta
1070 3109 1103 3164 et
1126 3102 1267 3170 fomenta

312 3201 446 3278 virtutis,
461 3204 584 3265 nullum
605 3202 736 3265 omnino
757 3201 915 3283 erigerent
934 3211 988 3263 ant
1009 3213 1181 3284 servarent,
1202 3205 1266 3269 nisi

311 3307 368 3390 pie
396 3303 581 3370 sollicitudo
605 3304 807 3388 scriptorum,
832 3313 865 3368 et
890 3303 1115 3387 triumphatrix
1142 3305 1264 3373 inertiae

311 3406 489 3489 diligentia,
505 3404 617 3470 eadem
628 3404 670 3468 ad
681 3413 825 3490 posteros
839 3402 1075 3468 transmisisset.
1099 3404 1265 3490 Siquidem

314 3508 379 3572 vita
392 3509 507 3586 brevis,
523 3528 634 3571 sensus
653 3507 764 3586 hebes,
784 3505 989 3587 negligentias
1010 3514 1130 3591 torpor,
1142 3509 1266 3576 inutilis

314 3610 497 3695 occupatio,
519 3630 579 3673 nos
601 3611 741 3694 paucula
761 3609 843 3672 scire
864 3608 1070 3691 permittunt:
1102 3619 1134 3674 et
1153 3612 1266 3678 eadem

309 3711 429 3795 jugiter
443 3712 575 3789 excutit,
586 3722 619 3774 et
630 3711 736 3776 avellit
751 3710 791 3773 ab
808 3710 916 3773 animo
927 3709 1101 3774 fraudatrix
1112 3714 1267 3795 scientiar,

314 3810 446 3876 inimica
467 3823 499 3875 et
518 3810 618 3874 infida
639 3832 765 3894 semper
785 3809 946 3874 memorias
966 3832 1115 3891 noverca,
1138 3815 1266 3880 oblivio.

315 3911 397 3983 Quis
431 3912 518 3976 enim
548 3911 752 3975 Alexandros
788 3909 886 3974 sciret
921 3919 977 3974 aut
1010 3911 1165 3989 Caesares,
1196 3916 1268 4000 quis

316 4011 443 4075 Stoicos
452 4022 508 4075 aut
519 4012 749 4095 Peripateticos
759 4011 933 4088 miraretur,
942 4010 1003 4072 nisi
1015 4031 1070 4073 eos
1079 4011 1270 4093 insignirent

316 4125 524 4178 monumenta
544 4111 757 4198 scriptorum?
797 4112 879 4185 Quis
893 4113 1119 4195 Apostolorum
1139 4124 1172 4176 et
1191 4116 1268 4179 Pro·

316 4213 483 4296 phetarum
510 4215 727 4300 amplexanda
752 4215 929 4278 imitaretur
953 4213 1096 4293 vestigia,
1121 4214 1182 4278 nisi
1213 4238 1269 4281 eos
