3309 5309
236 656 307 702 car.
323 641 435 720 xviia]
607 662 859 710 eonrcaarrcus.
1146 655 1186 711 99

235 817 394 884 naturam,
406 808 485 893 quid
502 809 620 873 scilicet
631 810 664 872 in
680 833 724 886 se,
736 812 816 896 quid
834 813 864 875 in
880 813 949 876 aliis
964 813 1040 889 sint,
1057 813 1188 879 liberius

235 918 267 969 et
292 906 419 971 fidelius
448 909 692 994 contemplatur,
719 912 796 974 dum
828 925 930 978 terum
963 915 1184 991 substantiam,

234 1008 447 1092 quantitatem
467 1010 508 1074 ad
528 1011 663 1096 aliquid,
678 1013 877 1098 qualitatem,
893 1016 1003 1093 situm,
1025 1039 1100 1091 esse,
1118 1017 1186 1095 ubi,

231 1109 372 1191 quando,
396 1110 522 1188 habere,
545 1111 659 1191 facere,
681 1113 760 1196 pati,
784 1113 966 1198 singillatim
994 1114 1125 1181 discutit
1151 1137 1183 1182 et

230 1207 390 1274 discernit.
446 1213 527 1289 Quae
556 1213 614 1276 etsi
644 1212 827 1298 singillatim
858 1238 926 1281 esse
957 1239 1018 1279 non
1047 1222 1181 1302 possint,

231 1308 415 1393 singillatim
446 1325 551 1377 tamen
577 1313 759 1399 investigari
784 1329 923 1400 queant:
957 1331 989 1381 et
1016 1319 1057 1381 ad
1084 1320 1183 1383 totius

231 1411 449 1499 Philosophiae
477 1415 712 1500 compendium,
741 1416 908 1480 utilissima
936 1430 983 1481 est
1013 1419 1081 1484 haec
1112 1443 1181 1504 spe·

228 1512 360 1593 culatio,
385 1513 418 1577 in
444 1538 507 1599 qua
536 1515 774 1602 magnitudinis,
799 1529 831 1581 et
858 1518 1082 1599 multitudinis,
1108 1544 1181 1607 quae

229 1613 298 1678 duo
314 1626 418 1679 totum
438 1617 545 1680 orbem
567 1617 822 1703 complectuntur
842 1631 873 1683 et
895 1620 1052 1697 ambiunt,
1067 1640 1182 1686 natura

227 1715 410 1781 discutitur.
471 1719 639 1803 Numquid
670 1719 856 1784 abstrahens
884 1721 1074 1802 intellectus,
1103 1722 1180 1786 dum

230 1819 301 1883 haec
317 1819 396 1904 agit,
416 1821 540 1884 ociosus
560 1836 617 1898 est,
638 1836 695 1886 aut
718 1822 849 1900 inutilis,
864 1846 922 1906 per
941 1846 1038 1907 quem
1058 1825 1182 1889 animus

231 1922 437 1986 honestarum
460 1926 576 1988 artium
602 1924 765 2008 gradibus,
791 1924 833 1987 ad
859 1924 1011 1987 thronum
1038 1947 1183 1988 consum-

229 2036 324 2087 matae
350 2022 565 2108 Philosophiae
587 2025 796 2089 conscendit?
836 2024 1079 2088 Multitudinem
1104 2048 1181 2108 ergo

229 2143 304 2207 quae
325 2122 467 2208 potentia
487 2124 535 2187 sui
556 2124 588 2187 in
609 2123 767 2190 infinitum
788 2125 910 2199 crescit,
931 2129 1013 2190 sicut
1035 2139 1181 2190 econtra

230 2225 418 2310 magnitudo
435 2223 586 2290 decrescit
607 2227 639 2291 in
656 2227 827 2304 infinitum,
844 2227 1011 2292 bimembri
1027 2227 1180 2291 divisione

229 2327 380 2414 partitur,
401 2327 479 2391 dum
499 2351 567 2391 eam
591 2351 675 2393 nunc
695 2328 881 2414 simpliciter
898 2341 929 2393 et
951 2352 1007 2415 per
1029 2352 1073 2406 se,
1095 2351 1180 2392 nunc

230 2428 272 2492 ad
306 2428 394 2492 aliud
433 2429 563 2494 relatam
601 2443 780 2507 contuetur,
813 2430 944 2494 alteram
984 2430 1180 2494 demandans

229 2530 458 2612 Arithmeticae,
479 2531 610 2596 alteram
633 2532 768 2597 Musicae
794 2531 890 2616 pleno
910 2533 984 2616 jure
1006 2553 1178 2596 reservans.

231 2629 488 2715 Magnitudinem
505 2655 635 2717 quoque
651 2644 734 2696 secat
749 2631 781 2693 in
802 2630 883 2694 duas
904 2632 1033 2714 species,
1048 2629 1179 2692 alteram

228 2729 432 2814 immobilem,
467 2733 635 2819 subjiciens
668 2732 857 2818 geometris3
896 2730 1027 2794 alteram
1064 2730 1181 2793 scilicet

229 2833 391 2914 mobilem,
414 2836 463 2898 his
488 2834 546 2918 qui
571 2847 726 2897 astrorum
758 2843 790 2896 et
816 2831 992 2896 coelestium
1020 2828 1181 2894 scientiam

221 2935 430 3019 profitentur.
469 2937 509 2998 In
523 2933 659 2999 hisvero
674 2946 814 3018 quatuor
829 2930 1004 3017 speciebus,
1020 2931 1179 3006 mathesis,

228 3037 263 3100 id
290 3049 349 3119 est,
375 3036 559 3100 doctrinalis
585 3049 652 3100 tota
677 3034 830 3110 consistit,
857 3047 889 3098 et
916 3033 1010 3119 quasi
1040 3045 1180 3117 quatuor

227 3136 446 3222 Philosophiae
475 3136 640 3215 limitibus,
669 3136 839 3198 mundanae
869 3133 1031 3220 sapientiae
1060 3133 1180 3217 perfec·

228 3243 348 3306 tionem
378 3241 566 3323 assequitur.
621 3238 748 3301 Primus
775 3237 884 3322 itaque
913 3235 1033 3321 gradus
1062 3250 1109 3299 est
1139 3235 1180 3301 ab

228 3341 440 3406 Arithmetica
451 3360 654 3404 numerorum
664 3338 815 3403 virtutem
829 3351 986 3402 mutuare.
1017 3336 1180 3401 Secundus

226 3444 470 3530 proportionum
485 3439 618 3525 gratiam
634 3462 653 3502 a
675 3439 801 3502 Musica
821 3439 957 3515 trahere,
973 3439 1102 3503 Tertius
1121 3439 1178 3502 ob·

229 3546 329 3609 tinere
341 3542 500 3608 scientiam
513 3565 531 3605 a
544 3543 746 3606 Geometrica
760 3563 989 3604 mensurarum.
1023 3543 1177 3616 Quartus,

226 3648 377 3733 idemque
403 3647 604 3725 novissimus,
630 3665 735 3706 veram
758 3644 948 3727 positionem
969 3642 1107 3706 siderum
1128 3665 1177 3705 as-

227 3748 383 3834 sequitur,
414 3759 446 3811 et
475 3747 539 3809 vim
570 3744 744 3809 coelestium
775 3756 1007 3830 perscrutatur.
1053 3747 1176 3807 Eorum

227 3872 314 3926 vero,
338 3848 395 3934 qui
417 3847 578 3912 scientiam
601 3846 791 3932 profitentur
812 3859 983 3923 astrorum,
1003 3843 1056 3908 alii
1076 3846 1177 3930 opini-

228 3953 298 4015 onis
320 3971 424 4012 errore
450 3947 663 4033 prolabuntur
688 3946 730 4010 ad
753 3946 890 4024 fabulas,
913 3946 945 4008 in
971 3969 1038 4031 quo
1062 3944 1174 4029 depre-

227 4050 379 4115 henditur
401 4063 433 4114 et
455 4049 617 4136 HyginnS,
638 4050 693 4114 alii
715 4048 781 4111 sola
799 4047 1032 4133 imaginationis
1055 4047 1174 4109 virtute

228 4152 368 4215 contenti
389 4165 473 4227 sunt,
494 4152 574 4237 quid
595 4174 705 4214 verum
725 4151 765 4213 sit
785 4150 962 4214 doctiorum
981 4146 1106 4233 judicio
1125 4168 1174 4206 re·

225 4265 399 4332 servantes,
416 4257 492 4318 satis
512 4266 640 4337 agentes
658 4251 729 4324 sibi,
745 4250 920 4314 dummodo
942 4248 1008 4313 veri
1029 4245 1174 4310 similitu-

669 4361 729 4413 112
