3309 5309
345 666 386 725 80
600 680 736 726 Jolnurs
751 679 1031 724 sanusnrnrnnsrs
1172 662 1257 742 [aru.
1274 683 1297 727 1.

347 833 431 910 tatis,
445 833 559 915 privati
579 832 756 895 minoribus
776 844 983 915 occupentur,
997 833 1233 897 honestioribus
1248 836 1299 896 in-

346 935 457 1018 genui,
471 934 636 998 vilioribus
651 935 772 998 servilis
786 934 931 998 conditio
946 935 1168 1017 mancipetur3

455 1054 527 1107 Nam
538 1055 607 1124 quod
617 1059 692 1127 turpe
703 1055 779 1107 bonis
791 1056 853 1108 Seio
864 1055 997 1125 Titioque,
1009 1056 1114 1109 decebit

456 1140 613 1213 Crispinum.

351 1256 407 1320 Sic
418 1258 529 1341 utique
545 1278 643 1342 quum
656 1259 754 1320 multa
769 1257 833 1320 sint
841 1257 983 1341 ejusdem
993 1258 1135 1341 corporis
1144 1259 1300 1335 membra,

350 1379 415 1420 non
432 1360 541 1422 omnia
555 1358 657 1423 eidem
682 1358 768 1422 actui
791 1358 940 1435 serviunt,
955 1357 1012 1420 sed
1029 1379 1086 1421 sua
1104 1372 1178 1421 sunt
1192 1361 1301 1423 officia

349 1459 553 1541 singulorum.
599 1459 662 1534 Qui
684 1481 759 1541 ergo
769 1469 863 1522 tuum
887 1460 1027 1522 venatori
1044 1480 1108 1522 non
1125 1458 1225 1533 cedis,
1242 1481 1301 1523 cur

348 1559 435 1623 illius
450 1581 584 1643 usurpas
598 1560 763 1623 officium?
801 1559 920 1622 Nonne
936 1560 1099 1643 reputabis
1120 1558 1300 1642 indignum,

350 1661 377 1725 si
403 1661 445 1724 ad
474 1684 604 1744 reguum
628 1664 680 1725 vel
706 1661 748 1724 ad
770 1660 972 1744 pontificium
1000 1671 1132 1723 venator
1157 1661 1301 1744 aspiret?

350 1763 510 1848 Equidem
540 1763 702 1845 indignius
731 1774 791 1841 est,
814 1763 842 1824 si
868 1763 909 1824 ab
933 1763 1082 1825 alterutro
1108 1761 1235 1841 fastigio
1259 1763 1303 1825 ad

350 1866 509 1928 venatoris
524 1864 722 1928 carnificium
739 1866 788 1926 rel
804 1861 914 1926 sordes
933 1863 1119 1945 prolabaris.
1166 1863 1304 1927 innatus

349 1968 466 2030 etenim
483 1987 572 2029 amor
585 1965 664 2028 boui
679 1985 804 2048 semper
818 1965 931 2048 qnaerit
946 1986 1132 2040 ascensum3
1155 1986 1173 2026 e
1189 1978 1302 2030 contra

350 2066 452 2129 fomes
467 2067 536 2128 vitii
551 2078 665 2149 sponte
681 2087 739 2128 sna
752 2065 855 2146 vergit
869 2065 911 2127 ad
926 2086 1046 2129 casum.
1092 2067 1199 2130 Causa
1221 2087 1301 2150 quo·

351 2188 414 2250 qne
437 2176 543 2229 actum
565 2168 682 2250 poterit
704 2167 864 2245 decorare,
887 2168 915 2230 si
936 2178 991 2231 aut
1013 2169 1202 2231 necessitate
1225 2171 1301 2232 snb-

351 2268 451 2340 sistat,
468 2281 523 2330 aut
538 2268 643 2349 rigeat
664 2268 811 2344 utilitate,
827 2279 882 2332 aut
902 2269 1069 2332 honestate
1085 2269 1302 2352 splendescat,

351 2389 450 2452 quum
466 2389 509 2430 ex
525 2371 641 2431 affectu
662 2369 789 2447 mentis,
803 2380 871 2432 tota
886 2370 989 2432 valeat
1004 2371 1181 2434 substantia
1196 2373 1303 2455 operis

350 2470 494 2532 colorari.
538 2472 681 2534 Affectus
696 2471 813 2534 etenim
836 2482 911 2534 tuus
928 2470 978 2551 (ut
992 2472 1038 2534 ait
1052 2469 1194 2554 sapiens)
1211 2474 1301 2556 operi

350 2580 406 2633 tuo
420 2592 537 2634 nomen
558 2571 703 2654 imponit.
749 2572 992 2653 luculpabiliter
1006 2593 1049 2635 ex
1065 2573 1183 2636 sanctis
1202 2574 1303 2655 patris

350 2673 501 2737 mandato
527 2686 673 2738 venatum
699 2675 861 2758 profectus
884 2685 934 2737 est
959 2676 1058 2751 Esau,
1083 2686 1118 2738 ut
1144 2685 1177 2737 et
1201 2676 1302 2758 patris

349 2776 477 2838 satiaret
491 2777 636 2850 esuriem,
648 2788 680 2839 ct
692 2778 878 2860 promissam
890 2776 1150 2840 benedictionem
1161 2778 1302 2860 impensi

349 2876 461 2938 merito
478 2878 624 2961 obsequii
647 2879 810 2942 obtineret.
857 2879 892 2942 Si
913 2880 997 2942 euim
1013 2880 1081 2942 sine
1097 2881 1193 2962 culpa
1207 2901 1302 2943 exer·

349 2980 415 3042 ceri
444 3001 508 3042 non
539 2991 659 3062 posset,
686 3001 889 3065 nequaquam
914 2993 1023 3045 tantus
1047 2981 1227 3065 patriarcba
1257 2982 1301 3045 ad

349 3102 431 3166 opus
446 3083 530 3146 illius
544 3083 683 3146 misisset
700 3082 812 3160 filium,
828 3103 924 3167 quem
946 3082 1181 3147 benedictionis
1196 3082 1301 3164 gratia

347 3183 383 3244 in
398 3193 496 3267 caput
510 3185 652 3266 gentium
675 3185 869 3249 constituere
893 3183 1093 3266 disponebat.
1140 3183 1204 3246 Sed
1220 3185 1302 3247 forte

348 3307 436 3350 ruore
457 3289 556 3350 traxit
577 3288 618 3351 ad
641 3311 674 3353 se
697 3290 887 3373 pericnlum,
909 3289 984 3370 quia
1006 3287 1126 3349 diutins
1148 3287 1247 3359 licito,
1263 3288 1299 3350 in

348 3409 443 3471 opere
458 3400 564 3453 temen
588 3391 689 3467 licito,
704 3411 746 3452 ex
768 3410 866 3475 prava
888 3388 1121 3452 consuetudine
1138 3400 1171 3452 et
1186 3389 1300 3451 immo·

349 3487 458 3552 derato
481 3509 587 3552 amore
611 3491 800 3554 morabatur.
847 3489 946 3551 anln
970 3499 1077 3551 tamen
1103 3502 1242 3554 versatur
1264 3491 1298 3552 in

349 3590 455 3672 culpa,
480 3590 538 3674 qui
559 3598 691 3671 urgente
715 3590 842 3652 stimulo
864 3589 1076 3664 necessitatis,
1099 3613 1164 3654 non
1187 3613 1297 3675 repro·

349 3691 416 3753 bati
442 3691 538 3754 studii
564 3690 717 3755 exercitio
744 3691 840 3754 vitam
871 3691 996 3772 cogitur
1019 3693 1181 3756 exhibere.
1232 3693 1299 3766 Qui

349 3792 406 3855 otii
427 3793 574 3858 inertiam
590 3795 700 3873 vitant,
715 3794 771 3878 qui
793 3792 941 3875 gerendis
963 3795 1100 3876 negotiis
1123 3795 1299 3879 disponunt

348 3895 490 3958 membra
526 3895 602 3958 dum
639 3895 802 3958 laboribus
835 3905 1035 3970 assuescunt,
1066 3896 1123 3977 qui
1151 3896 1297 3957 vitiosam

347 3997 488 4080 corporis
517 3996 642 4080 fugiunt
669 3999 799 4075 molem,
829 4009 950 4061 servata
978 3997 1014 4059 in
1048 3997 1197 4060 omnibns
1226 3995 1297 4075 dig-

347 4098 447 4163 nitate
473 4119 627 4184 personae‚
649 4099 745 4184 justae
770 4098 1024 4182 reprehensionis
1045 4118 1111 4160 non
1133 4095 1298 4180 patiuntur

349 4202 488 4266 aculeos.
534 4200 625 4283 Opus
651 4198 738 4262 enim
767 4220 834 4262 non
860 4220 903 4262 ex
922 4221 975 4289 pse,
999 4198 1056 4264 sed
1078 4217 1120 4260 ex
1143 4214 1241 4260 causa
1263 4195 1300 4259 fit
