3309 5309
245 640 315 685 car.
331 624 427 704 arra]
583 640 839 686 eoarcaarrcus.
1159 629 1199 686 91

245 814 342 877 quam
356 792 386 856 ei
403 791 562 856 Dominus
575 791 770 877 inspirabat:
795 791 850 856 sed
863 791 957 870 absit,
974 805 1010 857 ut
1027 794 1199 860 vanitatem

243 897 325 957 hanc
338 894 371 957 in
394 907 493 959 artem
511 893 668 979 redegerit
692 895 740 959 vir
762 908 901 973 sanctus,
917 895 974 982 qui
996 895 1067 982 lege
1090 897 1200 984 Moysi

244 995 441 1082 prohibitum
469 1019 536 1060 esse
565 1009 708 1069 noverat,
736 1019 775 1061 ne
804 997 948 1064 fidelium
975 998 1049 1083 quis
1079 1001 1200 1064 somnia

245 1110 450 1184 sequeretur:
498 1097 597 1162 sciens
626 1098 737 1184 utique
768 1099 934 1164 satellitem
967 1100 1127 1175 Satbanae‚
1157 1100 1199 1166 ad

244 1201 478 1265 subversionem
502 1201 678 1276 hominum,
700 1205 733 1266 in
756 1202 904 1287 angelum
927 1203 1007 1267 lucis
1029 1205 1211 1286 transfigu-'

242 1302 317 1382 reri,
332 1316 364 1366 et
385 1301 592 1366 immissiones
612 1302 681 1366 fieri
699 1325 756 1389 per
779 1303 908 1388 angelos
927 1302 1036 1370 malos.
1074 1305 1198 1391 Josepb

241 1427 373 1490 quoque
388 1403 586 1489 conjectandi
602 1407 708 1488 gratia
724 1402 863 1491 AEgypti
885 1404 1102 1491 principatum
1117 1406 1200 1471 obti-

242 1506 326 1583 nuit,
353 1518 384 1570 et
411 1526 505 1591 quem
532 1505 646 1570 fratres
675 1507 767 1592 quasi
793 1506 834 1570 de
859 1506 979 1571 invidia
1005 1508 1198 1573 somniorum

242 1607 407 1670 venditum
442 1605 624 1687 Ismaelitis‚
653 1607 829 1672 obnoxium
868 1610 1009 1673 fecerant
1038 1611 1198 1688 servituti,

242 1707 364 1792 digitus
391 1708 521 1772 Domini
548 1731 610 1772 non
637 1709 742 1772 minus
766 1709 925 1794 jocundo,
950 1732 1048 1795 quam
1078 1710 1199 1776 salubri

243 1810 406 1896 mysterio,
417 1810 557 1874 revelata
571 1810 652 1876 facie
666 1812 864 1888 futurorum,
876 1833 950 1897 quae
966 1833 999 1874 se
1015 1811 1082 1896 regi
1096 1810 1201 1896 quies-

243 1909 326 1975 centi
341 1909 547 1994 ingesserant,
562 1913 655 1995 quasi
670 1911 810 1997 quodam
833 1914 1026 1976 somniorum
1043 1910 1200 1991 vehiculo,

242 2015 283 2078 de
297 2013 442 2101 squalore
457 2014 601 2089 carceris,
617 2013 649 2078 in
666 2015 756 2100 regni
771 2014 934 2099 fastigium
950 2013 1146 2093 sublimavit,
1160 2026 1199 2080 ut

242 2139 305 2180 non
327 2116 421 2180 modo
443 2115 523 2180 liber
544 2116 584 2180 de
605 2138 708 2195 servo,
729 2115 783 2180 sed
806 2116 961 2181 nobilium
980 2128 1013 2181 et
1031 2137 1198 2202 procerum

242 2220 376 2304 primus,
392 2242 457 2282 uno
478 2232 600 2284 tantum
619 2220 707 2303 regni
730 2218 848 2283 scilicet
864 2218 943 2282 solio
964 2218 1199 2305 praecederetur

242 2345 262 2384 a
276 2345 359 2406 rege.
391 2321 485 2398 Quod
501 2320 615 2407 utique
627 2321 652 2386 si
668 2321 708 2385 de
724 2322 873 2386 humanae
885 2321 1048 2406 sapientire
1063 2320 1198 2386 artificio

243 2425 426 2509 contingere
457 2425 622 2510 potuisset,
655 2424 794 2511 aliquem
831 2425 1030 2489 decessorum
1067 2447 1196 2490 suornm

242 2540 316 2590 ante
332 2549 404 2592 eum
428 2526 581 2591 meruisse
604 2527 801 2605 crediderim,
818 2526 868 2590 vel
889 2524 1051 2590 scientiam
1074 2548 1198 2610 prome·

241 2629 330 2693 rendi
354 2630 457 2693 virum
480 2641 636 2706 sanctum,
659 2641 691 2693 et
714 2628 844 2714 pietatis
867 2626 984 2692 affectu
1005 2625 1147 2711 plenum,
1170 2627 1197 2691 si

241 2754 304 2793 non
327 2730 466 2795 humano
480 2730 589 2814 generi
611 2730 643 2793 in
659 2752 838 2804 commune,
854 2728 940 2813 quod
966 2740 1071 2792 tamen
1094 2731 1195 2814 aequi-

241 2830 315 2895 tatis
341 2846 431 2909 esset,
457 2830 612 2894 fratribus
637 2843 669 2894 et
695 2829 769 2894 filiis
798 2828 890 2894 facile
919 2827 1099 2913 putaverim
1126 2829 1198 2894 reli-

240 2933 358 3017 quisse.
404 2929 460 2993 Ad
482 2930 549 2993 haec
566 2931 697 3014 Moyses
719 2929 863 2994 eruditus
884 2928 916 2992 in
937 2930 1024 2992 omni
1042 2930 1197 3016 sapientia

238 3029 468 3113 AEgyptiorum
494 3027 576 3092 hanc
602 3041 701 3093 artem
728 3042 784 3094 aut
814 3028 947 3093 nescivit
977 3040 1034 3092 ant
1065 3032 1196 3114 sprevit,

239 3152 342 3217 quum
367 3152 448 3204 eam,
470 3130 647 3214 impietatis
668 3152 805 3193 errorem
828 3129 1014 3203 detestatus,
1036 3152 1055 3192 a
1076 3130 1198 3215 populo

239 3231 302 3297 Dei
317 3230 528 3297 exterminare
542 3233 712 3295 curaverit.
756 3233 917 3296 Praeterea
937 3243 1065 3295 sanctus
1080 3231 1196 3299 Daniel

240 3333 423 3419 disciplinas
441 3345 473 3397 et
489 3331 675 3418 sapientiam
696 3332 807 3397 didicit
831 3332 1076 3407 Chaldaeorum
1107 3334 1196 3420 quod

240 3437 355 3520 utique
384 3447 511 3498 sanctus
538 3435 587 3498 vir
613 3457 676 3498 non
700 3435 836 3515 fecisset,
862 3433 888 3498 si
914 3433 1079 3519 gentilium
1104 3436 1197 3502 disci·

238 3534 334 3620 plinis
348 3535 473 3608 instrui,
490 3534 676 3600 credidisset
692 3535 830 3622 peccatis
844 3535 1099 3602 adscribendum.
1124 3540 1194 3604 Ha-

237 3637 375 3723 buitque
395 3636 583 3701 eruditionis
605 3637 785 3723 participes,
808 3660 889 3722 quos
911 3635 989 3721 legis
1009 3651 1041 3703 et
1060 3640 1196 3726 justitioe

240 3740 302 3804 Dei
329 3763 361 3804 se
391 3739 551 3824 gaudebat
582 3738 697 3804 habere
723 3753 892 3805 consortes.
949 3741 1053 3806 Simul
1078 3745 1194 3810 etenim

238 3843 412 3908 discebant·
425 3842 577 3934 Ananias,
594 3843 735 3921 Aretias,
751 3843 877 3921 Misael,
894 3843 1050 3930 quicquid
1071 3857 1195 3932 poterat

236 3944 349 4008 docere
380 3944 571 4011 Chaldaeus:
613 3945 705 4010 simul
736 3969 754 4008 a
784 3969 892 4011 mensa
920 3959 952 4011 et
986 3970 1006 4010 a
1034 3950 1194 4033 regalibus

238 4047 341 4133 epulis
359 4048 569 4123 abstinebant,
587 4048 674 4134 quod
697 4049 871 4136 inspirabat
896 4050 997 4115 Deus.
1041 4053 1193 4136 Acceptis

238 4150 451 4233 leguminibus
487 4150 606 4235 pariter
639 4151 874 4229 reficiebantur,
904 4151 1020 4214 eisdem
1052 4153 1191 4216 contenti

238 4266 328 4318 erant
352 4252 473 4317 militiae
489 4276 555 4317 suae
579 4253 753 4338 stipendiis,
769 4255 836 4337 regi
861 4275 923 4315 una
946 4251 1192 4317 famulabantur.
