3309 5309
345 663 386 720 90
600 670 737 715 rotulus
754 666 1031 714 saansaamsrrsrs
1157 645 1241 731 [um.
1259 668 1295 714 11.

436 945 514 1027 Cap.
535 949 582 1005 17.
607 943 840 1022 conjectoriam
855 963 918 1007 non
931 963 997 1006 acca
1010 941 1211 1023 aequandam.

391 1115 459 1179 Suu
480 1111 556 1177 dum
573 1112 630 1176 has
651 1112 867 1198 conjectorum
888 1111 1074 1178 traditiones
1096 1113 1299 1196 exequimur,

347 1237 456 1279 vereor
477 1236 518 1277 nc
532 1213 647 1278 merito
669 1235 732 1276 nou
753 1225 818 1279 tam
839 1213 1061 1300 conjectoriam
1084 1212 1203 1299 exequi
1225 1235 1299 1298 quae

346 1330 403 1383 aut
427 1314 524 1390 nulla,
541 1327 597 1379 aut
617 1314 718 1378 inanis
736 1337 787 1380 ars
806 1328 865 1397 est,
886 1338 981 1401 quam
1000 1315 1171 1379 dormitare
1195 1313 1301 1378 videa-

347 1443 431 1485 mur.
475 1419 629 1504 Quisquis
643 1419 726 1482 enim
743 1418 934 1483 somniorum
956 1421 1100 1505 sequitur
1114 1417 1302 1494 vanitatem,

347 1544 460 1609 parum
476 1520 508 1584 in
524 1519 593 1606 lege
610 1520 670 1583 Dei
686 1518 822 1605 vigilans
836 1534 895 1599 est,
911 1534 942 1586 et
963 1520 1040 1586 dum
1055 1520 1128 1585 fidei
1144 1519 1222 1584 facit
1236 1518 1302 1583 dis·

348 1624 511 1710 pendium,
534 1621 796 1709 perniciosissime
818 1623 946 1688 dormit.
991 1622 1116 1688 Veritas
1141 1619 1302 1707 siquidem

348 1727 389 1791 ab
404 1751 441 1790 eo
456 1727 549 1811 longe
560 1726 645 1791 facta
660 1738 785 1806 est‚nec
801 1748 870 1789 eam
887 1738 950 1790 tam
963 1724 1056 1789 facile
1070 1735 1175 1811 potest
1187 1744 1302 1809 appre-

347 1830 496 1908 hendere,
511 1849 606 1914 quam
623 1829 766 1892 urionem
782 1849 975 1914 expungere,
989 1826 1039 1891 vel
1054 1843 1175 1912 puncto
1189 1846 1302 1889 curare

347 1931 530 2006 cartineam,
547 1955 620 2016 quae
635 1930 847 2016 caligantibus
866 1930 967 1995 oculis
982 1930 1013 1993 in
1035 1926 1165 1992 meridie
1181 1927 1303 2013 palpat.

348 2033 394 2093 Et
420 2029 496 2094 licet
520 2029 589 2092 baec
613 2029 819 2093 somnolentia
841 2028 984 2115 perfidiae
1008 2033 1048 2093 sit
1069 2027 1142 2093 fidei
1164 2025 1303 2092 stimulis

349 2129 528 2207 excitanda,
549 2142 581 2195 et
603 2131 747 2196 maleficii
771 2132 889 2217 potius,
911 2154 1009 2218 quam
1032 2130 1155 2195 artificii
1176 2129 1304 2216 impug-

350 2233 454 2296 nanda
476 2231 593 2313 illusio,
608 2232 726 2298 divinae
748 2245 853 2297 tamen
870 2234 980 2317 gratiae
1000 2229 1214 2320 dispositionis
1236 2253 1302 2296 suae

350 2357 412 2399 non
433 2333 628 2399 obstruimus
648 2335 725 2410 vias,
742 2357 803 2398 non
823 2335 1050 2422 praecludimus
1070 2337 1207 2408 semitas,
1223 2333 1302 2419 quin

351 2436 482 2523 spiritus
504 2436 559 2501 ubi
576 2437 646 2501 vult
669 2437 778 2523 spiret,
794 2452 826 2503 et
846 2462 904 2523 pro
926 2437 1058 2503 arbitrio
1073 2460 1130 2501 suo
1153 2434 1304 2523 subjectis

349 2538 510 2603 mentibus
533 2538 680 2604 infundat
704 2543 882 2605 veritatem.
927 2544 1047 2605 Verum
1070 2539 1214 2626 quisquis
1235 2560 1302 2602 cre·

351 2639 518 2705 dulitatem
542 2663 630 2704 suam
654 2641 940 2727 significationibus
961 2641 1071 2727 alligat
1098 2639 1304 2716 somniorum,

349 2742 479 2829 planum
496 2762 554 2824 est,
569 2744 647 2830 quia
671 2756 734 2808 tam
751 2768 769 2807 a
785 2743 964 2809 sinceritate
985 2743 1071 2818 fidei,
1089 2765 1184 2830 quam
1207 2765 1228 2806 a
1241 2754 1305 2806 tra·

350 2843 427 2908 mite
453 2843 583 2908 rationis
608 2843 777 2907 exorbitat.
823 2843 921 2907 Plane
945 2844 972 2907 si
994 2863 1096 2905 sermo
1122 2840 1303 2926 proferatur

349 2946 531 3032 ambiguus,
547 2960 579 3010 et
600 2947 693 3032 cujus
715 2945 824 3010 multae
846 2943 909 3010 sint
930 2945 1187 3029 significationes,
1200 2964 1302 3008 noune

350 3049 463 3113 merito
478 3071 591 3133 parum
614 3048 728 3113 doctus
743 3048 918 3126 videbitur,
934 3047 1081 3134 quisquis
1103 3069 1142 3111 ex
1165 3069 1203 3110 eo
1224 3045 1303 3111 citra

349 3149 572 3216 discussionem
600 3172 749 3214 sensuum
777 3149 836 3214 sibi
863 3149 984 3235 aliquid
1011 3149 1204 3236 pertinacius
1231 3171 1301 3212 sua·

349 3250 462 3318 debit?
489 3252 639 3318 Profecto
661 3275 767 3318 rerum
790 3254 934 3316 omnium
959 3252 1011 3331 (ut
1034 3249 1223 3338 praedictum
1243 3254 1301 3332 est)

348 3351 518 3439 multiplex
533 3366 590 3428 est,
607 3365 638 3417 et
651 3357 738 3418 varia
750 3353 948 3439 significatio.
982 3352 1213 3439 Multiplicium
1229 3374 1304 3416 vero

350 3451 513 3516 distinctio
532 3451 668 3538 diligens
689 3455 838 3519 habenda
859 3467 918 3533 est,
941 3479 980 3519 ne
1004 3457 1086 3520 forte
1107 3454 1184 3520 dum
1209 3475 1304 3519 tinam

349 3550 535 3636 diligentius
564 3555 715 3641 sequeriS,
745 3556 778 3618 in
816 3556 909 3621 aliam
946 3556 1087 3623 deterius
1120 3556 1304 3643 prolabaris.

351 3651 448 3717 Unde
464 3666 553 3739 patet
568 3656 806 3744 conjectorium,
823 3659 879 3744 qui
895 3658 1021 3723 nomine
1037 3658 1179 3722 Danielis
1194 3656 1305 3727 inscri-

348 3753 449 3830 bitur,
458 3755 656 3820 auctoritatis
668 3772 699 3822 et
711 3757 854 3822 veritatis
865 3759 978 3823 robore
989 3759 1301 3844 destitutum,quum

350 3877 399 3918 res
411 3855 552 3939 singulas
564 3857 695 3943 siugulis
708 3860 992 3944 significationibus
1003 3874 1098 3925 arcet.
1123 3863 1173 3925 De
1186 3859 1305 3946 quibus

349 3979 411 4021 non
428 3955 557 4022 videtur
572 3958 668 4022 latius
679 3962 914 4045 exequendum,
926 3985 1027 4049 quum
1040 3975 1108 4027 tota
1119 3959 1306 4044 hujusmodi

350 4059 389 4123 sit
412 4060 520 4146 inepta
546 4061 686 4135 traditio,
710 4075 741 4125 et
764 4085 865 4146 vagus
891 4066 1105 4149 conjectorum
1130 4062 1221 4140 liber,
1247 4084 1304 4149 per

347 4160 544 4224 curiosorum
575 4183 688 4224 manus
718 4162 921 4247 impudenter
954 4164 1122 4230 discurrat.
1175 4163 1302 4230 Habuit

347 4281 421 4325 saue
438 4262 554 4327 Daniel
573 4264 707 4348 gratiam
724 4261 953 4349 interpretandi
976 4255 1110 4330 cisiones
1125 4279 1156 4330 et
1173 4264 1303 4343 somnia,
