<?xml version="1.0" encoding="UTF-8"?>
<!DOCTYPE html PUBLIC "-//W3C//DTD XHTML 1.0 Transitional//EN"
    "http://www.w3.org/TR/xhtml1/DTD/xhtml1-transitional.dtd">
<html xmlns="http://www.w3.org/1999/xhtml" xml:lang="en" lang="en">
 <head>
  <title>
</title>
<meta http-equiv="Content-Type" content="text/html;charset=utf-8" />
  <meta name='ocr-system' content='tesseract 3.04.00' />
  <meta name='ocr-capabilities' content='ocr_page ocr_carea ocr_par ocr_line ocrx_word'/>
</head>
<body>
  <div class='ocr_page' id='page_1' title='image "./joannissaresber04johngoog_0144.png"; bbox 0 0 3309 5309; ppageno 0'>
   <div class='ocr_carea' id='block_1_1' title="bbox 355 647 1304 728">
    <p class='ocr_par' dir='ltr' id='par_1_1' title="bbox 355 647 1304 728">
     <span class='ocr_line' id='line_1_1' title="bbox 355 647 1304 728; baseline 0 -16"><span class='ocrx_word' id='word_1_1' title='bbox 355 653 416 712; x_wconf 76' lang='lat' dir='ltr'><strong>lau</strong></span> <span class='ocrx_word' id='word_1_2' title='bbox 611 665 747 710; x_wconf 77' lang='lat' dir='ltr'><strong>rorums</strong></span> <span class='ocrx_word' id='word_1_3' title='bbox 764 663 1041 710; x_wconf 78' lang='lat' dir='ltr'><strong>saansanaraums</strong></span> <span class='ocrx_word' id='word_1_4' title='bbox 1167 647 1252 728; x_wconf 79' lang='lat' dir='ltr'><strong>[cm.</strong></span> <span class='ocrx_word' id='word_1_5' title='bbox 1268 668 1304 712; x_wconf 93' lang='lat'><strong>11.</strong></span> 
     </span>
    </p>
   </div>
   <div class='ocr_carea' id='block_1_2' title="bbox 354 903 1305 1189">
    <p class='ocr_par' dir='ltr' id='par_1_2' title="bbox 354 903 1305 1189">
     <span class='ocr_line' id='line_1_2' title="bbox 354 903 1305 987; baseline 0.004 -20"><span class='ocrx_word' id='word_1_6' title='bbox 354 903 434 987; x_wconf 88' lang='lat' dir='ltr'><strong>Cap.</strong></span> <span class='ocrx_word' id='word_1_7' title='bbox 457 909 509 967; x_wconf 68' lang='lat'><strong>95.</strong></span> <span class='ocrx_word' id='word_1_8' title='bbox 543 904 635 978; x_wconf 83' lang='lat' dir='ltr'><strong>Quod</strong></span> <span class='ocrx_word' id='word_1_9' title='bbox 660 908 888 983; x_wconf 69' lang='lat' dir='ltr'><strong>oruamentum</strong></span> <span class='ocrx_word' id='word_1_10' title='bbox 914 927 935 966; x_wconf 86' lang='lat' dir='ltr'><strong>a</strong></span> <span class='ocrx_word' id='word_1_11' title='bbox 962 905 1054 986; x_wconf 61' lang='lat' dir='ltr'><strong>aiano</strong></span> <span class='ocrx_word' id='word_1_12' title='bbox 1079 925 1139 968; x_wconf 82' lang='lat' dir='ltr'><strong>auo</strong></span> <span class='ocrx_word' id='word_1_13' title='bbox 1167 927 1235 969; x_wconf 80' lang='lat' dir='ltr'><strong>nort</strong></span> <span class='ocrx_word' id='word_1_14' title='bbox 1260 914 1305 971; x_wconf 82' lang='lat' dir='ltr'><strong>est</strong></span> 
     </span>
     <span class='ocr_line' id='line_1_3' title="bbox 397 1004 1303 1083; baseline 0.004 -17"><span class='ocrx_word' id='word_1_15' title='bbox 397 1007 619 1077; x_wconf 76' lang='lat' dir='ltr'><strong>necessarium,</strong></span> <span class='ocrx_word' id='word_1_16' title='bbox 643 1011 673 1067; x_wconf 85' lang='lat' dir='ltr'><strong>et</strong></span> <span class='ocrx_word' id='word_1_17' title='bbox 692 1005 732 1067; x_wconf 84' lang='lat' dir='ltr'><strong>de</strong></span> <span class='ocrx_word' id='word_1_18' title='bbox 753 1004 909 1083; x_wconf 78' lang='lat' dir='ltr'><strong>Eaecltr&#39;a,</strong></span> <span class='ocrx_word' id='word_1_19' title='bbox 930 1006 1048 1079; x_wconf 77' lang='lat' dir='ltr'><strong>Achab,</strong></span> <span class='ocrx_word' id='word_1_20' title='bbox 1071 1013 1103 1069; x_wconf 82' lang='lat' dir='ltr'><strong>et</strong></span> <span class='ocrx_word' id='word_1_21' title='bbox 1124 1008 1286 1072; x_wconf 79' lang='lat' dir='ltr'><strong>Ninivitis</strong></span> <span class='ocrx_word' id='word_1_22' title='bbox 1292 1035 1303 1080; x_wconf 79' lang='lat'><strong>‚-</strong></span> 
     </span>
     <span class='ocr_line' id='line_1_4' title="bbox 397 1107 1212 1189; baseline 0.004 -20"><span class='ocrx_word' id='word_1_23' title='bbox 397 1112 428 1169; x_wconf 86' lang='lat' dir='ltr'><strong>et</strong></span> <span class='ocrx_word' id='word_1_24' title='bbox 441 1107 525 1188; x_wconf 85' lang='lat' dir='ltr'><strong>quod</strong></span> <span class='ocrx_word' id='word_1_25' title='bbox 538 1128 574 1169; x_wconf 84' lang='lat' dir='ltr'><strong>aa</strong></span> <span class='ocrx_word' id='word_1_26' title='bbox 591 1127 661 1187; x_wconf 79' lang='lat' dir='ltr'><strong>qua</strong></span> <span class='ocrx_word' id='word_1_27' title='bbox 676 1108 916 1188; x_wconf 62' lang='lat' dir='ltr'><strong>significantur,</strong></span> <span class='ocrx_word' id='word_1_28' title='bbox 933 1109 1055 1170; x_wconf 80' lang='lat' dir='ltr'><strong>mutari</strong></span> <span class='ocrx_word' id='word_1_29' title='bbox 1065 1116 1212 1189; x_wconf 64' lang='lat' dir='ltr'><strong>mearent.</strong></span> 
     </span>
    </p>
   </div>
   <div class='ocr_carea' id='block_1_3' title="bbox 353 1239 1304 1631">
    <p class='ocr_par' dir='ltr' id='par_1_3' title="bbox 353 1239 1304 1631">
     <span class='ocr_line' id='line_1_5' title="bbox 397 1239 1303 1324; baseline 0.003 -19"><span class='ocrx_word' id='word_1_30' title='bbox 397 1243 466 1305; x_wconf 79' lang='lat' dir='ltr'><strong>Suu</strong></span> <span class='ocrx_word' id='word_1_31' title='bbox 492 1239 575 1304; x_wconf 86' lang='lat' dir='ltr'><strong>forte</strong></span> <span class='ocrx_word' id='word_1_32' title='bbox 604 1239 816 1305; x_wconf 79' lang='lat' dir='ltr'><strong>familiaribus</strong></span> <span class='ocrx_word' id='word_1_33' title='bbox 842 1241 959 1305; x_wconf 92' lang='lat' dir='ltr'><strong>veritas</strong></span> <span class='ocrx_word' id='word_1_34' title='bbox 983 1241 1128 1324; x_wconf 89' lang='lat' dir='ltr'><strong>loquens,</strong></span> <span class='ocrx_word' id='word_1_35' title='bbox 1153 1247 1227 1307; x_wconf 92' lang='lat' dir='ltr'><strong>Non</strong></span> <span class='ocrx_word' id='word_1_36' title='bbox 1258 1257 1303 1308; x_wconf 89' lang='lat' dir='ltr'><strong>est</strong></span> 
     </span>
     <span class='ocr_line' id='line_1_6' title="bbox 355 1343 1304 1429; baseline 0.003 -24"><span class='ocrx_word' id='word_1_37' title='bbox 355 1356 507 1422; x_wconf 87' lang='lat' dir='ltr'><strong>vestrum,</strong></span> <span class='ocrx_word' id='word_1_38' title='bbox 525 1347 580 1417; x_wconf 90' lang='lat' dir='ltr'><strong>ait,</strong></span> <span class='ocrx_word' id='word_1_39' title='bbox 604 1356 640 1406; x_wconf 94' lang='lat' dir='ltr'><strong>ut</strong></span> <span class='ocrx_word' id='word_1_40' title='bbox 662 1353 781 1406; x_wconf 88' lang='lat' dir='ltr'><strong>tantam</strong></span> <span class='ocrx_word' id='word_1_41' title='bbox 810 1343 1056 1428; x_wconf 86' lang='lat' dir='ltr'><strong>praerogativam</strong></span> <span class='ocrx_word' id='word_1_42' title='bbox 1081 1343 1203 1423; x_wconf 88' lang='lat' dir='ltr'><strong>alienis,</strong></span> <span class='ocrx_word' id='word_1_43' title='bbox 1225 1358 1304 1429; x_wconf 88' lang='lat' dir='ltr'><strong>puta</strong></span> 
     </span>
     <span class='ocr_line' id='line_1_7' title="bbox 355 1443 1304 1521; baseline 0.003 -16"><span class='ocrx_word' id='word_1_44' title='bbox 355 1443 601 1519; x_wconf 87' lang='lat' dir='ltr'><strong>Mathematicis‚</strong></span> <span class='ocrx_word' id='word_1_45' title='bbox 631 1456 815 1508; x_wconf 88' lang='lat' dir='ltr'><strong>reservaret.</strong></span> <span class='ocrx_word' id='word_1_46' title='bbox 876 1446 969 1521; x_wconf 89' lang='lat' dir='ltr'><strong>Esto,</strong></span> <span class='ocrx_word' id='word_1_47' title='bbox 1002 1445 1027 1508; x_wconf 90' lang='lat' dir='ltr'><strong>si</strong></span> <span class='ocrx_word' id='word_1_48' title='bbox 1065 1456 1169 1508; x_wconf 92' lang='lat' dir='ltr'><strong>tamen</strong></span> <span class='ocrx_word' id='word_1_49' title='bbox 1204 1444 1304 1509; x_wconf 90' lang='lat' dir='ltr'><strong>fidelis</strong></span> 
     </span>
     <span class='ocr_line' id='line_1_8' title="bbox 353 1545 1304 1631; baseline 0.002 -23"><span class='ocrx_word' id='word_1_50' title='bbox 353 1545 475 1610; x_wconf 87' lang='lat' dir='ltr'><strong>animus</strong></span> <span class='ocrx_word' id='word_1_51' title='bbox 501 1545 682 1631; x_wconf 82' lang='lat' dir='ltr'><strong>acquiescit.</strong></span> <span class='ocrx_word' id='word_1_52' title='bbox 729 1545 791 1609; x_wconf 88' lang='lat' dir='ltr'><strong>Sed</strong></span> <span class='ocrx_word' id='word_1_53' title='bbox 818 1559 950 1630; x_wconf 88' lang='lat' dir='ltr'><strong>quanta,</strong></span> <span class='ocrx_word' id='word_1_54' title='bbox 973 1560 1011 1611; x_wconf 90' lang='lat' dir='ltr'><strong>ut</strong></span> <span class='ocrx_word' id='word_1_55' title='bbox 1033 1546 1225 1631; x_wconf 86' lang='lat' dir='ltr'><strong>praedictum</strong></span> <span class='ocrx_word' id='word_1_56' title='bbox 1247 1560 1304 1623; x_wconf 90' lang='lat' dir='ltr'><strong>est,</strong></span> 
     </span>
    </p>
   </div>
   <div class='ocr_carea' id='block_1_4' title="bbox 352 1646 1138 1733">
    <p class='ocr_par' dir='ltr' id='par_1_4' title="bbox 352 1646 1138 1733">
     <span class='ocr_line' id='line_1_9' title="bbox 352 1646 1138 1733; baseline 0.003 -25"><span class='ocrx_word' id='word_1_57' title='bbox 352 1658 399 1710; x_wconf 91' lang='lat' dir='ltr'><strong>est</strong></span> <span class='ocrx_word' id='word_1_58' title='bbox 414 1646 484 1712; x_wconf 82' lang='lat' dir='ltr'><strong>haec</strong></span> <span class='ocrx_word' id='word_1_59' title='bbox 499 1646 658 1710; x_wconf 82' lang='lat' dir='ltr'><strong>certitudo</strong></span> <span class='ocrx_word' id='word_1_60' title='bbox 673 1649 863 1730; x_wconf 87' lang='lat' dir='ltr'><strong>signorum?</strong></span> <span class='ocrx_word' id='word_1_61' title='bbox 898 1648 1022 1733; x_wconf 89' lang='lat' dir='ltr'><strong>Nempe</strong></span> <span class='ocrx_word' id='word_1_62' title='bbox 1038 1669 1138 1732; x_wconf 93' lang='lat' dir='ltr'><strong>quum</strong></span> 
     </span>
    </p>
   </div>
   <div class='ocr_carea' id='block_1_5' title="bbox 457 1757 787 1903">
    <p class='ocr_par' dir='ltr' id='par_1_5' title="bbox 457 1757 787 1903">
     <span class='ocr_line' id='line_1_10' title="bbox 597 1757 787 1823; baseline -0.011 -16"><span class='ocrx_word' id='word_1_63' title='bbox 597 1757 673 1823; x_wconf 84' lang='lat' dir='ltr'><strong>signa</strong></span> <span class='ocrx_word' id='word_1_64' title='bbox 685 1759 787 1806; x_wconf 82' lang='lat' dir='ltr'><strong>meatus</strong></span> 
     </span>
     <span class='ocr_line' id='line_1_11' title="bbox 457 1840 685 1903; baseline -0.004 -11"><span class='ocrx_word' id='word_1_65' title='bbox 457 1840 604 1893; x_wconf 82' lang='lat' dir='ltr'><strong>Deseruere</strong></span> <span class='ocrx_word' id='word_1_66' title='bbox 617 1857 685 1903; x_wconf 85' lang='lat' dir='ltr'><strong>suos,</strong></span> 
     </span>
    </p>
   </div>
   <div class='ocr_carea' id='block_1_6' title="bbox 345 1939 1338 4364">
    <p class='ocr_par' dir='ltr' id='par_1_6' title="bbox 345 1939 1338 4364">
     <span class='ocr_line' id='line_1_12' title="bbox 350 1939 1300 2027; baseline -0.001 -22"><span class='ocrx_word' id='word_1_67' title='bbox 350 1964 468 2007; x_wconf 86' lang='lat' dir='ltr'><strong>novum</strong></span> <span class='ocrx_word' id='word_1_68' title='bbox 481 1939 601 2025; x_wconf 92' lang='lat' dir='ltr'><strong>aliquid</strong></span> <span class='ocrx_word' id='word_1_69' title='bbox 615 1939 755 2004; x_wconf 91' lang='lat' dir='ltr'><strong>creditur</strong></span> <span class='ocrx_word' id='word_1_70' title='bbox 767 1939 940 2004; x_wconf 90' lang='lat' dir='ltr'><strong>imminere.</strong></span> <span class='ocrx_word' id='word_1_71' title='bbox 981 1943 1054 2004; x_wconf 91' lang='lat' dir='ltr'><strong>Nou</strong></span> <span class='ocrx_word' id='word_1_72' title='bbox 1067 1939 1149 2003; x_wconf 90' lang='lat' dir='ltr'><strong>enim</strong></span> <span class='ocrx_word' id='word_1_73' title='bbox 1162 1963 1300 2027; x_wconf 90' lang='lat' dir='ltr'><strong>eousque</strong></span> 
     </span>
     <span class='ocr_line' id='line_1_13' title="bbox 351 2042 1298 2128; baseline 0 -20"><span class='ocrx_word' id='word_1_74' title='bbox 351 2044 519 2119; x_wconf 90' lang='lat' dir='ltr'><strong>contendo,</strong></span> <span class='ocrx_word' id='word_1_75' title='bbox 542 2057 648 2107; x_wconf 90' lang='lat' dir='ltr'><strong>utres</strong></span> <span class='ocrx_word' id='word_1_76' title='bbox 670 2066 800 2128; x_wconf 89' lang='lat' dir='ltr'><strong>magnas</strong></span> <span class='ocrx_word' id='word_1_77' title='bbox 822 2042 918 2106; x_wconf 87' lang='lat' dir='ltr'><strong>nullis</strong></span> <span class='ocrx_word' id='word_1_78' title='bbox 941 2064 1081 2128; x_wconf 89' lang='lat' dir='ltr'><strong>unquam</strong></span> <span class='ocrx_word' id='word_1_79' title='bbox 1105 2044 1231 2108; x_wconf 85' lang='lat' dir='ltr'><strong>credam</strong></span> <span class='ocrx_word' id='word_1_80' title='bbox 1256 2047 1298 2108; x_wconf 92' lang='lat' dir='ltr'><strong>in·</strong></span> 
     </span>
     <span class='ocr_line' id='line_1_14' title="bbox 351 2143 1302 2229; baseline 0.002 -21"><span class='ocrx_word' id='word_1_81' title='bbox 351 2143 1302 2229; x_wconf 87' lang='lat' dir='ltr'><strong>diciispraeveniri,quuminsole‚etluna,etipsiselementis,</strong></span> 
     </span>
     <span class='ocr_line' id='line_1_15' title="bbox 351 2243 1300 2328; baseline 0.003 -20"><span class='ocrx_word' id='word_1_82' title='bbox 351 2259 383 2310; x_wconf 89' lang='lat' dir='ltr'><strong>et</strong></span> <span class='ocrx_word' id='word_1_83' title='bbox 405 2257 519 2309; x_wconf 89' lang='lat' dir='ltr'><strong>ornatu</strong></span> <span class='ocrx_word' id='word_1_84' title='bbox 543 2267 664 2321; x_wconf 90' lang='lat' dir='ltr'><strong>eorum,</strong></span> <span class='ocrx_word' id='word_1_85' title='bbox 687 2244 748 2307; x_wconf 92' lang='lat' dir='ltr'><strong>vim</strong></span> <span class='ocrx_word' id='word_1_86' title='bbox 771 2243 1012 2328; x_wconf 81' lang='lat' dir='ltr'><strong>significativam</strong></span> <span class='ocrx_word' id='word_1_87' title='bbox 1035 2267 1055 2308; x_wconf 93' lang='lat' dir='ltr'><strong>a</strong></span> <span class='ocrx_word' id='word_1_88' title='bbox 1077 2246 1218 2310; x_wconf 91' lang='lat' dir='ltr'><strong>Domino</strong></span> <span class='ocrx_word' id='word_1_89' title='bbox 1236 2269 1300 2311; x_wconf 85' lang='lat' dir='ltr'><strong>esse</strong></span> 
     </span>
     <span class='ocr_line' id='line_1_16' title="bbox 351 2345 1300 2433; baseline 0.001 -24"><span class='ocrx_word' id='word_1_90' title='bbox 351 2345 526 2409; x_wconf 87' lang='lat' dir='ltr'><strong>didicerim.</strong></span> <span class='ocrx_word' id='word_1_91' title='bbox 564 2347 723 2410; x_wconf 88' lang='lat' dir='ltr'><strong>Caeterum</strong></span> <span class='ocrx_word' id='word_1_92' title='bbox 740 2358 839 2410; x_wconf 89' lang='lat' dir='ltr'><strong>artem</strong></span> <span class='ocrx_word' id='word_1_93' title='bbox 855 2370 932 2422; x_wconf 88' lang='lat' dir='ltr'><strong>esse,</strong></span> <span class='ocrx_word' id='word_1_94' title='bbox 948 2369 1012 2431; x_wconf 92' lang='lat' dir='ltr'><strong>qua</strong></span> <span class='ocrx_word' id='word_1_95' title='bbox 1028 2347 1102 2433; x_wconf 90' lang='lat' dir='ltr'><strong>quis</strong></span> <span class='ocrx_word' id='word_1_96' title='bbox 1117 2347 1157 2410; x_wconf 92' lang='lat' dir='ltr'><strong>de</strong></span> <span class='ocrx_word' id='word_1_97' title='bbox 1172 2347 1300 2421; x_wconf 86' lang='lat' dir='ltr'><strong>futuris,</strong></span> 
     </span>
     <span class='ocr_line' id='line_1_17' title="bbox 350 2447 1300 2533; baseline 0.001 -22"><span class='ocrx_word' id='word_1_98' title='bbox 350 2447 391 2511; x_wconf 88' lang='lat' dir='ltr'><strong>ad</strong></span> <span class='ocrx_word' id='word_1_99' title='bbox 412 2447 519 2510; x_wconf 87' lang='lat' dir='ltr'><strong>omnia</strong></span> <span class='ocrx_word' id='word_1_100' title='bbox 537 2447 732 2532; x_wconf 89' lang='lat' dir='ltr'><strong>interrogata</strong></span> <span class='ocrx_word' id='word_1_101' title='bbox 754 2470 865 2512; x_wconf 87' lang='lat' dir='ltr'><strong>verum</strong></span> <span class='ocrx_word' id='word_1_102' title='bbox 886 2448 1088 2533; x_wconf 88' lang='lat' dir='ltr'><strong>respondeat,</strong></span> <span class='ocrx_word' id='word_1_103' title='bbox 1102 2461 1159 2514; x_wconf 91' lang='lat' dir='ltr'><strong>aut</strong></span> <span class='ocrx_word' id='word_1_104' title='bbox 1174 2449 1300 2513; x_wconf 88' lang='lat' dir='ltr'><strong>omnino</strong></span> 
     </span>
     <span class='ocr_line' id='line_1_18' title="bbox 350 2549 1300 2628; baseline -0.002 -14"><span class='ocrx_word' id='word_1_105' title='bbox 350 2572 412 2614; x_wconf 93' lang='lat' dir='ltr'><strong>non</strong></span> <span class='ocrx_word' id='word_1_106' title='bbox 443 2571 519 2628; x_wconf 86' lang='lat' dir='ltr'><strong>esse,</strong></span> <span class='ocrx_word' id='word_1_107' title='bbox 545 2562 600 2615; x_wconf 90' lang='lat' dir='ltr'><strong>aut</strong></span> <span class='ocrx_word' id='word_1_108' title='bbox 629 2550 770 2614; x_wconf 91' lang='lat' dir='ltr'><strong>nondum</strong></span> <span class='ocrx_word' id='word_1_109' title='bbox 801 2550 975 2615; x_wconf 85' lang='lat' dir='ltr'><strong>innotuisse</strong></span> <span class='ocrx_word' id='word_1_110' title='bbox 1005 2549 1197 2628; x_wconf 88' lang='lat' dir='ltr'><strong>hominibus,</strong></span> <span class='ocrx_word' id='word_1_111' title='bbox 1223 2550 1300 2615; x_wconf 89' lang='lat' dir='ltr'><strong>mihi</strong></span> 
     </span>
     <span class='ocr_line' id='line_1_19' title="bbox 349 2652 1299 2738; baseline -0.001 -22"><span class='ocrx_word' id='word_1_112' title='bbox 349 2653 523 2717; x_wconf 86' lang='lat' dir='ltr'><strong>multorum</strong></span> <span class='ocrx_word' id='word_1_113' title='bbox 558 2652 758 2731; x_wconf 86' lang='lat' dir='ltr'><strong>auctoritate,</strong></span> <span class='ocrx_word' id='word_1_114' title='bbox 788 2665 821 2716; x_wconf 90' lang='lat' dir='ltr'><strong>et</strong></span> <span class='ocrx_word' id='word_1_115' title='bbox 857 2652 990 2729; x_wconf 91' lang='lat' dir='ltr'><strong>ratione,</strong></span> <span class='ocrx_word' id='word_1_116' title='bbox 1020 2675 1205 2738; x_wconf 85' lang='lat' dir='ltr'><strong>persuasum</strong></span> <span class='ocrx_word' id='word_1_117' title='bbox 1243 2666 1299 2716; x_wconf 91' lang='lat' dir='ltr'><strong>est.</strong></span> 
     </span>
     <span class='ocr_line' id='line_1_20' title="bbox 349 2752 1300 2839; baseline -0.002 -22"><span class='ocrx_word' id='word_1_118' title='bbox 349 2753 444 2829; x_wconf 84' lang='lat' dir='ltr'><strong>Quod</strong></span> <span class='ocrx_word' id='word_1_119' title='bbox 461 2754 486 2817; x_wconf 86' lang='lat' dir='ltr'><strong>si</strong></span> <span class='ocrx_word' id='word_1_120' title='bbox 502 2753 560 2818; x_wconf 92' lang='lat' dir='ltr'><strong>tibi</strong></span> <span class='ocrx_word' id='word_1_121' title='bbox 578 2753 766 2838; x_wconf 87' lang='lat' dir='ltr'><strong>persuadere</strong></span> <span class='ocrx_word' id='word_1_122' title='bbox 786 2775 848 2815; x_wconf 94' lang='lat' dir='ltr'><strong>non</strong></span> <span class='ocrx_word' id='word_1_123' title='bbox 867 2775 1008 2839; x_wconf 89' lang='lat' dir='ltr'><strong>possum,</strong></span> <span class='ocrx_word' id='word_1_124' title='bbox 1024 2753 1227 2818; x_wconf 84' lang='lat' dir='ltr'><strong>obstantibus</strong></span> <span class='ocrx_word' id='word_1_125' title='bbox 1243 2752 1300 2832; x_wconf 87' lang='lat' dir='ltr'><strong>his,</strong></span> 
     </span>
     <span class='ocr_line' id='line_1_21' title="bbox 347 2853 1300 2941; baseline -0.001 -23"><span class='ocrx_word' id='word_1_126' title='bbox 347 2878 422 2940; x_wconf 83' lang='lat' dir='ltr'><strong>quae</strong></span> <span class='ocrx_word' id='word_1_127' title='bbox 437 2855 514 2919; x_wconf 92' lang='lat' dir='ltr'><strong>mihi</strong></span> <span class='ocrx_word' id='word_1_128' title='bbox 529 2854 570 2918; x_wconf 90' lang='lat' dir='ltr'><strong>de</strong></span> <span class='ocrx_word' id='word_1_129' title='bbox 579 2854 789 2940; x_wconf 90' lang='lat' dir='ltr'><strong>providentia,</strong></span> <span class='ocrx_word' id='word_1_130' title='bbox 798 2865 830 2917; x_wconf 89' lang='lat' dir='ltr'><strong>et</strong></span> <span class='ocrx_word' id='word_1_131' title='bbox 842 2853 920 2930; x_wconf 89' lang='lat' dir='ltr'><strong>fato,</strong></span> <span class='ocrx_word' id='word_1_132' title='bbox 933 2853 1146 2918; x_wconf 86' lang='lat' dir='ltr'><strong>indesinenter</strong></span> <span class='ocrx_word' id='word_1_133' title='bbox 1155 2855 1300 2941; x_wconf 89' lang='lat' dir='ltr'><strong>opponis,</strong></span> 
     </span>
     <span class='ocr_line' id='line_1_22' title="bbox 347 2955 1298 3043; baseline -0.003 -22"><span class='ocrx_word' id='word_1_134' title='bbox 347 2957 489 3042; x_wconf 93' lang='lat' dir='ltr'><strong>mihique</strong></span> <span class='ocrx_word' id='word_1_135' title='bbox 502 2955 754 3043; x_wconf 85' lang='lat' dir='ltr'><strong>repugnantibus</strong></span> <span class='ocrx_word' id='word_1_136' title='bbox 765 2955 932 3041; x_wconf 86' lang='lat' dir='ltr'><strong>exemplis,</strong></span> <span class='ocrx_word' id='word_1_137' title='bbox 945 2978 1018 3041; x_wconf 88' lang='lat' dir='ltr'><strong>quae</strong></span> <span class='ocrx_word' id='word_1_138' title='bbox 1029 2955 1070 3019; x_wconf 91' lang='lat' dir='ltr'><strong>de</strong></span> <span class='ocrx_word' id='word_1_139' title='bbox 1083 2956 1179 3020; x_wconf 90' lang='lat' dir='ltr'><strong>variis</strong></span> <span class='ocrx_word' id='word_1_140' title='bbox 1194 2955 1298 3019; x_wconf 83' lang='lat' dir='ltr'><strong>adfers</strong></span> 
     </span>
     <span class='ocr_line' id='line_1_23' title="bbox 347 3057 1298 3145; baseline -0.003 -23"><span class='ocrx_word' id='word_1_141' title='bbox 347 3059 504 3133; x_wconf 87' lang='lat' dir='ltr'><strong>historiis;</strong></span> <span class='ocrx_word' id='word_1_142' title='bbox 528 3059 670 3145; x_wconf 88' lang='lat' dir='ltr'><strong>persuasi</strong></span> <span class='ocrx_word' id='word_1_143' title='bbox 689 3073 794 3123; x_wconf 90' lang='lat' dir='ltr'><strong>tamen</strong></span> <span class='ocrx_word' id='word_1_144' title='bbox 816 3057 905 3132; x_wconf 91' lang='lat' dir='ltr'><strong>mihi,</strong></span> <span class='ocrx_word' id='word_1_145' title='bbox 921 3057 996 3122; x_wconf 91' lang='lat' dir='ltr'><strong>huic</strong></span> <span class='ocrx_word' id='word_1_146' title='bbox 1017 3079 1080 3121; x_wconf 94' lang='lat' dir='ltr'><strong>non</strong></span> <span class='ocrx_word' id='word_1_147' title='bbox 1101 3061 1298 3144; x_wconf 86' lang='lat' dir='ltr'><strong>acquiescere</strong></span> 
     </span>
     <span class='ocr_line' id='line_1_24' title="bbox 348 3159 1297 3247; baseline -0.001 -24"><span class='ocrx_word' id='word_1_148' title='bbox 348 3163 489 3227; x_wconf 88' lang='lat' dir='ltr'><strong>vanitati.</strong></span> <span class='ocrx_word' id='word_1_149' title='bbox 522 3163 594 3225; x_wconf 92' lang='lat' dir='ltr'><strong>Non</strong></span> <span class='ocrx_word' id='word_1_150' title='bbox 610 3161 758 3247; x_wconf 89' lang='lat' dir='ltr'><strong>equidem</strong></span> <span class='ocrx_word' id='word_1_151' title='bbox 771 3160 934 3244; x_wconf 88' lang='lat' dir='ltr'><strong>signorum</strong></span> <span class='ocrx_word' id='word_1_152' title='bbox 952 3159 1217 3244; x_wconf 89' lang='lat' dir='ltr'><strong>signatorumque</strong></span> <span class='ocrx_word' id='word_1_153' title='bbox 1231 3180 1297 3223; x_wconf 89' lang='lat' dir='ltr'><strong>eam</strong></span> 
     </span>
     <span class='ocr_line' id='line_1_25' title="bbox 346 3259 1298 3337; baseline -0.004 -11"><span class='ocrx_word' id='word_1_154' title='bbox 346 3262 571 3327; x_wconf 88' lang='lat' dir='ltr'><strong>cohaerentiam</strong></span> <span class='ocrx_word' id='word_1_155' title='bbox 586 3262 734 3337; x_wconf 86' lang='lat' dir='ltr'><strong>arbitror,</strong></span> <span class='ocrx_word' id='word_1_156' title='bbox 750 3272 788 3325; x_wconf 87' lang='lat' dir='ltr'><strong>ut</strong></span> <span class='ocrx_word' id='word_1_157' title='bbox 803 3260 939 3324; x_wconf 89' lang='lat' dir='ltr'><strong>alterurn</strong></span> <span class='ocrx_word' id='word_1_158' title='bbox 955 3283 995 3323; x_wconf 88' lang='lat' dir='ltr'><strong>ex</strong></span> <span class='ocrx_word' id='word_1_159' title='bbox 1011 3260 1111 3325; x_wconf 86' lang='lat' dir='ltr'><strong>altero</strong></span> <span class='ocrx_word' id='word_1_160' title='bbox 1125 3259 1298 3325; x_wconf 89' lang='lat' dir='ltr'><strong>necessario</strong></span> 
     </span>
     <span class='ocr_line' id='line_1_26' title="bbox 346 3361 1296 3448; baseline -0.003 -22"><span class='ocrx_word' id='word_1_161' title='bbox 346 3372 567 3448; x_wconf 87' lang='lat' dir='ltr'><strong>consequatur.</strong></span> <span class='ocrx_word' id='word_1_162' title='bbox 613 3365 682 3426; x_wconf 90' lang='lat' dir='ltr'><strong>Cur</strong></span> <span class='ocrx_word' id='word_1_163' title='bbox 703 3366 748 3426; x_wconf 89' lang='lat' dir='ltr'><strong>ita</strong></span> <span class='ocrx_word' id='word_1_164' title='bbox 770 3362 973 3441; x_wconf 90' lang='lat' dir='ltr'><strong>crediderim,</strong></span> <span class='ocrx_word' id='word_1_165' title='bbox 993 3361 1052 3426; x_wconf 88' lang='lat' dir='ltr'><strong>nisi</strong></span> <span class='ocrx_word' id='word_1_166' title='bbox 1076 3375 1108 3427; x_wconf 90' lang='lat' dir='ltr'><strong>te</strong></span> <span class='ocrx_word' id='word_1_167' title='bbox 1133 3361 1296 3427; x_wconf 88' lang='lat' dir='ltr'><strong>curialium</strong></span> 
     </span>
     <span class='ocr_line' id='line_1_27' title="bbox 345 3460 1298 3548; baseline -0.002 -22"><span class='ocrx_word' id='word_1_168' title='bbox 345 3485 440 3548; x_wconf 86' lang='lat' dir='ltr'><strong>nugae</strong></span> <span class='ocrx_word' id='word_1_169' title='bbox 464 3463 619 3540; x_wconf 90' lang='lat' dir='ltr'><strong>detinent,</strong></span> <span class='ocrx_word' id='word_1_170' title='bbox 647 3463 731 3528; x_wconf 88' lang='lat' dir='ltr'><strong>audi.</strong></span> <span class='ocrx_word' id='word_1_171' title='bbox 783 3466 855 3527; x_wconf 87' lang='lat' dir='ltr'><strong>Rex</strong></span> <span class='ocrx_word' id='word_1_172' title='bbox 881 3463 1038 3526; x_wconf 87' lang='lat' dir='ltr'><strong>Ezechias</strong></span> <span class='ocrx_word' id='word_1_173' title='bbox 1063 3463 1231 3547; x_wconf 82' lang='lat' dir='ltr'><strong>aegrotarit</strong></span> <span class='ocrx_word' id='word_1_174' title='bbox 1256 3460 1298 3524; x_wconf 87' lang='lat' dir='ltr'><strong>ad</strong></span> 
     </span>
     <span class='ocr_line' id='line_1_28' title="bbox 347 3563 1298 3647; baseline -0.001 -21"><span class='ocrx_word' id='word_1_175' title='bbox 347 3577 489 3629; x_wconf 92' lang='lat' dir='ltr'><strong>mortem.</strong></span> <span class='ocrx_word' id='word_1_176' title='bbox 535 3564 589 3626; x_wconf 89' lang='lat' dir='ltr'><strong>An</strong></span> <span class='ocrx_word' id='word_1_177' title='bbox 611 3585 674 3627; x_wconf 91' lang='lat' dir='ltr'><strong>non</strong></span> <span class='ocrx_word' id='word_1_178' title='bbox 696 3563 799 3627; x_wconf 90' lang='lat' dir='ltr'><strong>credis</strong></span> <span class='ocrx_word' id='word_1_179' title='bbox 822 3584 927 3647; x_wconf 88' lang='lat' dir='ltr'><strong>regem</strong></span> <span class='ocrx_word' id='word_1_180' title='bbox 955 3563 1045 3626; x_wconf 84' lang='lat' dir='ltr'><strong>Juda</strong></span> <span class='ocrx_word' id='word_1_181' title='bbox 1069 3563 1228 3626; x_wconf 90' lang='lat' dir='ltr'><strong>medicum</strong></span> <span class='ocrx_word' id='word_1_182' title='bbox 1250 3565 1298 3626; x_wconf 82' lang='lat' dir='ltr'><strong>in·</strong></span> 
     </span>
     <span class='ocr_line' id='line_1_29' title="bbox 346 3662 1297 3750; baseline -0.001 -24"><span class='ocrx_word' id='word_1_183' title='bbox 346 3663 481 3741; x_wconf 87' lang='lat' dir='ltr'><strong>venisse,</strong></span> <span class='ocrx_word' id='word_1_184' title='bbox 501 3666 556 3750; x_wconf 93' lang='lat' dir='ltr'><strong>qui</strong></span> <span class='ocrx_word' id='word_1_185' title='bbox 579 3664 690 3741; x_wconf 89' lang='lat' dir='ltr'><strong>urinae,</strong></span> <span class='ocrx_word' id='word_1_186' title='bbox 713 3677 745 3728; x_wconf 89' lang='lat' dir='ltr'><strong>et</strong></span> <span class='ocrx_word' id='word_1_187' title='bbox 767 3664 889 3748; x_wconf 90' lang='lat' dir='ltr'><strong>pulsus,</strong></span> <span class='ocrx_word' id='word_1_188' title='bbox 913 3676 945 3727; x_wconf 88' lang='lat' dir='ltr'><strong>et</strong></span> <span class='ocrx_word' id='word_1_189' title='bbox 967 3662 1194 3749; x_wconf 88' lang='lat' dir='ltr'><strong>multiplicium</strong></span> <span class='ocrx_word' id='word_1_190' title='bbox 1216 3684 1297 3749; x_wconf 84' lang='lat' dir='ltr'><strong>prae-</strong></span> 
     </span>
     <span class='ocr_line' id='line_1_30' title="bbox 345 3764 1299 3852; baseline 0.002 -24"><span class='ocrx_word' id='word_1_191' title='bbox 345 3766 563 3850; x_wconf 90' lang='lat' dir='ltr'><strong>gnosticorum</strong></span> <span class='ocrx_word' id='word_1_192' title='bbox 594 3766 723 3844; x_wconf 88' lang='lat' dir='ltr'><strong>indicio,</strong></span> <span class='ocrx_word' id='word_1_193' title='bbox 752 3765 855 3829; x_wconf 90' lang='lat' dir='ltr'><strong>morbi</strong></span> <span class='ocrx_word' id='word_1_194' title='bbox 884 3764 1137 3851; x_wconf 87' lang='lat' dir='ltr'><strong>deprehenderet</strong></span> <span class='ocrx_word' id='word_1_195' title='bbox 1173 3767 1299 3852; x_wconf 85' lang='lat' dir='ltr'><strong>quanti·</strong></span> 
     </span>
     <span class='ocr_line' id='line_1_31' title="bbox 348 3866 1298 3953; baseline -0.003 -20"><span class='ocrx_word' id='word_1_196' title='bbox 348 3871 466 3934; x_wconf 84' lang='lat' dir='ltr'><strong>tatem?</strong></span> <span class='ocrx_word' id='word_1_197' title='bbox 504 3867 628 3931; x_wconf 89' lang='lat' dir='ltr'><strong>Deinde</strong></span> <span class='ocrx_word' id='word_1_198' title='bbox 643 3890 826 3953; x_wconf 86' lang='lat' dir='ltr'><strong>responsum</strong></span> <span class='ocrx_word' id='word_1_199' title='bbox 851 3866 963 3931; x_wconf 89' lang='lat' dir='ltr'><strong>mortis</strong></span> <span class='ocrx_word' id='word_1_200' title='bbox 977 3867 1061 3931; x_wconf 86' lang='lat' dir='ltr'><strong>forte</strong></span> <span class='ocrx_word' id='word_1_201' title='bbox 1081 3880 1245 3953; x_wconf 89' lang='lat' dir='ltr'><strong>acceperat</strong></span> <span class='ocrx_word' id='word_1_202' title='bbox 1266 3867 1298 3931; x_wconf 92' lang='lat' dir='ltr'><strong>in</strong></span> 
     </span>
     <span class='ocr_line' id='line_1_32' title="bbox 346 3970 1338 4059; baseline -0.004 -22"><span class='ocrx_word' id='word_1_203' title='bbox 346 3995 477 4059; x_wconf 89' lang='lat' dir='ltr'><strong>corpore</strong></span> <span class='ocrx_word' id='word_1_204' title='bbox 486 3992 556 4046; x_wconf 87' lang='lat' dir='ltr'><strong>suo,</strong></span> <span class='ocrx_word' id='word_1_205' title='bbox 570 3970 624 4054; x_wconf 92' lang='lat' dir='ltr'><strong>qui</strong></span> <span class='ocrx_word' id='word_1_206' title='bbox 633 3993 671 4032; x_wconf 94' lang='lat' dir='ltr'><strong>eo</strong></span> <span class='ocrx_word' id='word_1_207' title='bbox 681 3993 783 4055; x_wconf 86' lang='lat' dir='ltr'><strong>usque</strong></span> <span class='ocrx_word' id='word_1_208' title='bbox 791 3970 967 4055; x_wconf 90' lang='lat' dir='ltr'><strong>perductus</strong></span> <span class='ocrx_word' id='word_1_209' title='bbox 976 3983 1035 4046; x_wconf 89' lang='lat' dir='ltr'><strong>est,</strong></span> <span class='ocrx_word' id='word_1_210' title='bbox 1049 3982 1085 4034; x_wconf 93' lang='lat' dir='ltr'><strong>ut</strong></span> <span class='ocrx_word' id='word_1_211' title='bbox 1095 3992 1128 4032; x_wconf 91' lang='lat' dir='ltr'><strong>se</strong></span> <span class='ocrx_word' id='word_1_212' title='bbox 1140 3970 1298 4034; x_wconf 84' lang='lat' dir='ltr'><strong>victurum</strong></span> <span class='ocrx_word' id='word_1_213' title='bbox 1329 4011 1338 4020; x_wconf 96' lang='lat'>-</span> 
     </span>
     <span class='ocr_line' id='line_1_33' title="bbox 347 4071 1299 4157; baseline -0.006 -18"><span class='ocrx_word' id='word_1_214' title='bbox 347 4073 481 4139; x_wconf 87' lang='lat' dir='ltr'><strong>ulterius</strong></span> <span class='ocrx_word' id='word_1_215' title='bbox 496 4093 559 4136; x_wconf 92' lang='lat' dir='ltr'><strong>non</strong></span> <span class='ocrx_word' id='word_1_216' title='bbox 572 4084 721 4157; x_wconf 89' lang='lat' dir='ltr'><strong>speraret.</strong></span> <span class='ocrx_word' id='word_1_217' title='bbox 754 4072 918 4134; x_wconf 90' lang='lat' dir='ltr'><strong>Postremo</strong></span> <span class='ocrx_word' id='word_1_218' title='bbox 929 4071 1068 4157; x_wconf 87' lang='lat' dir='ltr'><strong>Spiritus</strong></span> <span class='ocrx_word' id='word_1_219' title='bbox 1078 4084 1207 4135; x_wconf 86' lang='lat' dir='ltr'><strong>sanctus</strong></span> <span class='ocrx_word' id='word_1_220' title='bbox 1217 4093 1299 4134; x_wconf 90' lang='lat' dir='ltr'><strong>mor-</strong></span> 
     </span>
     <span class='ocr_line' id='line_1_34' title="bbox 345 4172 1297 4258; baseline -0.006 -17"><span class='ocrx_word' id='word_1_221' title='bbox 345 4189 408 4241; x_wconf 90' lang='lat' dir='ltr'><strong>tem</strong></span> <span class='ocrx_word' id='word_1_222' title='bbox 439 4174 610 4241; x_wconf 90' lang='lat' dir='ltr'><strong>nunciabat</strong></span> <span class='ocrx_word' id='word_1_223' title='bbox 639 4183 740 4235; x_wconf 85' lang='lat' dir='ltr'><strong>astate</strong></span> <span class='ocrx_word' id='word_1_224' title='bbox 771 4193 836 4258; x_wconf 87' lang='lat' dir='ltr'><strong>prae</strong></span> <span class='ocrx_word' id='word_1_225' title='bbox 865 4172 997 4238; x_wconf 86' lang='lat' dir='ltr'><strong>foribus.</strong></span> <span class='ocrx_word' id='word_1_226' title='bbox 1045 4172 1140 4249; x_wconf 86' lang='lat' dir='ltr'><strong>Quod</strong></span> <span class='ocrx_word' id='word_1_227' title='bbox 1173 4172 1297 4257; x_wconf 87' lang='lat' dir='ltr'><strong>signum</strong></span> 
     </span>
     <span class='ocr_line' id='line_1_35' title="bbox 345 4274 1297 4364; baseline -0.006 -21"><span class='ocrx_word' id='word_1_228' title='bbox 345 4280 462 4345; x_wconf 90' lang='lat' dir='ltr'><strong>certius</strong></span> <span class='ocrx_word' id='word_1_229' title='bbox 477 4277 617 4364; x_wconf 84' lang='lat' dir='ltr'><strong>quaeris?</strong></span> <span class='ocrx_word' id='word_1_230' title='bbox 655 4274 740 4351; x_wconf 86' lang='lat' dir='ltr'><strong>Quid</strong></span> <span class='ocrx_word' id='word_1_231' title='bbox 756 4289 877 4340; x_wconf 86' lang='lat' dir='ltr'><strong>certum</strong></span> <span class='ocrx_word' id='word_1_232' title='bbox 894 4287 953 4353; x_wconf 85' lang='lat' dir='ltr'><strong>est,</strong></span> <span class='ocrx_word' id='word_1_233' title='bbox 972 4290 1006 4340; x_wconf 92' lang='lat' dir='ltr'><strong>ut</strong></span> <span class='ocrx_word' id='word_1_234' title='bbox 1023 4275 1064 4340; x_wconf 93' lang='lat' dir='ltr'><strong>de</strong></span> <span class='ocrx_word' id='word_1_235' title='bbox 1080 4274 1151 4339; x_wconf 90' lang='lat' dir='ltr'><strong>aliis</strong></span> <span class='ocrx_word' id='word_1_236' title='bbox 1166 4287 1297 4344; x_wconf 75' lang='lat' dir='ltr'><strong>taceam,</strong></span> 
     </span>
    </p>
   </div>
   <div class='ocr_carea' id='block_1_7' title="bbox 0 0 1660 5309">
    <p class='ocr_par' dir='ltr' id='par_1_7' title="bbox 0 0 1660 5309">
     <span class='ocr_line' id='line_1_36' title="bbox 0 0 1660 5309; baseline 0 3"><span class='ocrx_word' id='word_1_237' title='bbox 0 0 1660 5309; x_wconf 95' lang='lat' dir='ltr'><strong> </strong></span> 
     </span>
    </p>
   </div>
  </div>
 </body>
</html>
