3309 5309
349 663 419 710 cae.
440 645 505 725 1v.]
734 661 989 707 eonvcnarrcns.
1249 650 1310 711 169

345 814 494 899 subjiciat
509 811 663 878 servituti.
711 811 909 877 Histrionem
932 833 1000 876 esse
1016 811 1067 877 vel
1087 811 1233 894 mimum,
1251 814 1302 877 in·

345 917 476 981 lamiam
491 915 609 1000 ingerit
622 914 680 992 his,
692 937 772 1002 quos
787 926 916 980 atantae
931 914 1118 1000 abjectionis
1133 914 1303 1001 opprobrio

345 1031 470 1084 naturae
484 1018 535 1082 vel
550 1040 695 1105 personat
710 1017 848 1102 dignitas
860 1017 986 1082 videtur
1001 1017 1171 1103 excepisse.
1203 1022 1304 1083 Porro

345 1121 401 1208 qui
413 1121 538 1186 vultum
550 1120 655 1184 induit
665 1119 818 1196 alienum,
829 1131 863 1184 et
874 1120 975 1184 varias
985 1119 1158 1185 affectuum
1167 1120 1304 1187 alternat

347 1223 454 1300 facies,
470 1223 682 1288 incolumitati
699 1244 849 1288 sensuum
865 1221 994 1287 insidias
1008 1235 1109 1308 parat,
1124 1235 1158 1287 et

418 1358 543 1411 Sordihus
554 1357 676 1411 auriculis
688 1358 781 1411 alienis
793 1357 894 1426 colligit
906 1374 996 1421 escas;

347 1490 381 1542 et
406 1481 434 1544 si
458 1477 643 1543 histrionem
671 1478 770 1542 verbo
796 1476 978 1553 diffiteatur,
1005 1499 1079 1541 eum
1106 1478 1247 1542 moribus
1271 1488 1304 1542 et

348 1581 546 1666 turpitudine
569 1580 747 1646 confitetur.
801 1580 900 1655 Quod
921 1578 1122 1644 assentatoris
1143 1581 1304 1666 proprium

348 1697 396 1747 est
417 1682 472 1768 qui
495 1683 536 1746 ad
558 1681 689 1746 alterius
712 1681 790 1747 vivit
815 1693 941 1759 nutum,
957 1693 991 1746 et
1015 1691 1187 1768 antequam
1212 1704 1304 1746 suum

348 1785 490 1871 proferat
513 1784 684 1870 judicium,
715 1784 755 1847 de
791 1782 923 1867 singulis
957 1794 1120 1868 exspectat
1154 1782 1305 1847 alienum.

352 1889 518 1953 Caeterum
534 1887 640 1975 palpo,
656 1885 712 1973 qui
726 1896 835 1950 tamen
851 1886 1055 1950 assentatoris
1070 1885 1121 1950 vel
1135 1884 1307 1950 adulatoris

351 2001 500 2056 censetur
519 1990 660 2071 nomine,
675 1989 826 2076 quoniam
846 1989 959 2055 eadem
977 2011 1027 2053 res
1047 1988 1158 2054 multis
1180 1999 1308 2055 notatur

352 2092 488 2176 indiciis,
503 2093 669 2159 hominum
692 2091 808 2156 mentis
831 2091 985 2178 explorat,
1003 2102 1174 2178 praetentat
1194 2091 1307 2157 volun·

353 2207 463 2274 tatem,
491 2207 527 2260 ut
556 2195 608 2259 cui
637 2193 684 2259 rei
713 2194 848 2260 volueris
877 2217 986 2260 sensus
1014 2195 1244 2272 accommodet,
1272 2206 1308 2260 ut

351 2297 487 2382 gratiam
502 2297 597 2377 illius,
611 2319 684 2362 cum
701 2319 765 2384 quo
785 2297 899 2383 agitur,
915 2298 1134 2363 fraudulenter
1147 2297 1306 2384 surripiat.

354 2399 453 2464 Novit
467 2400 551 2464 enim
568 2400 608 2464 de
625 2422 779 2465 concursu
801 2423 951 2465 sensuum
967 2413 1001 2466 et
1019 2401 1218 2467 voluntatum
1235 2400 1307 2466 uui·

352 2526 424 2582 one,
441 2503 529 2590 quasi
544 2503 661 2570 rivulos
677 2504 826 2569 amicitiae
842 2505 1003 2570 scaturire.
1041 2505 1134 2568 Idem
1149 2505 1306 2590 siquidem

353 2606 436 2671 velle
460 2623 493 2672 et
517 2608 612 2686 nolle,
641 2611 692 2692 (ut
717 2608 763 2672 ait
787 2607 969 2692 historicus)
994 2628 1033 2672 ea
1058 2607 1190 2673 demum
1215 2608 1308 2672 firma

312 2707 320 2723 ”
355 2709 494 2775 amicitia
509 2722 566 2778 est.
614 2711 702 2786 Quid
717 2709 775 2775 ni?

426 2847 581 2900 Consentire
593 2848 646 2900 suis
658 2847 752 2900 studiis
763 2847 807 2914 qui
819 2846 956 2899 crediderit
968 2852 1005 2909 te,

424 2933 523 2985 Fautor
533 2937 642 3001 utroque
654 2937 727 2985 tuum
738 2931 856 2984 laudabit
866 2931 958 3004 pollice
969 2930 1068 2984 ludum.

359 3051 469 3126 Quum
499 3072 574 3113 vero
595 3049 797 3135 praesenserit
822 3049 1031 3129 voluntatem,
1055 3049 1099 3113 sic
1116 3049 1241 3135 palpat,
1265 3049 1310 3114 sic

354 3150 530 3229 demulcet,
546 3161 634 3215 tanta
654 3151 817 3218 suavitatis
829 3152 990 3240 ‘perungit
1010 3151 1124 3237 gratia,
1145 3163 1181 3216 ut
1202 3151 1310 3217 virtuti

355 3252 515 3318 somnium
545 3252 687 3334 inducat,
709 3263 743 3318 et
763 3263 865 3317 totam
891 3252 1127 3330 moderationis,
1153 3253 1222 3317 siue
1247 3275 1312 3340 qua

355 3379 521 3444 nunquam
538 3367 624 3421 recte
639 3357 765 3435 vivitur,
776 3358 912 3422 formam
930 3355 1054 3421 Lethaei
1069 3355 1210 3421 fluminis
1226 3356 1277 3420 ius
1296 3394 1311 3408 ·

357 3459 446 3524 sione
464 3459 638 3525 subvertat.
686 3459 823 3545 Magnas
845 3459 962 3544 gratias
982 3481 1076 3542 agere
1092 3459 1191 3524 Thais
1211 3459 1313 3525 mihi?

360 3562 525 3627 Jucuudus
549 3573 598 3627 est
619 3563 705 3626 euim
731 3561 891 3640 Comicus,
915 3573 948 3627 et
971 3574 1064 3648 aptus
1083 3562 1138 3649 qui
1161 3585 1195 3628 se
1219 3564 1312 3648 nugis

359 3663 472 3729 nostris
482 3664 666 3751 frequenter
680 3665 868 3743 immisceat,
883 3665 1044 3750 Ingentes,
1057 3664 1170 3752 inquit.
1195 3667 1314 3733 Fuerat

361 3766 491 3854 quidem
506 3768 581 3832 satis
596 3768 622 3831 si
637 3791 768 3853 magnas
780 3768 1001 3854 respondisset.
1035 3768 1099 3833 Sed
1114 3769 1188 3856 quia
1203 3770 1313 3835 adula-

360 3873 435 3935 toris
458 3869 542 3947 fraus
556 3870 664 3935 omnia
682 3870 806 3937 extollit
825 3871 859 3936 iu
875 3872 988 3957 majus,
1004 3882 1038 3936 et
1059 3872 1099 3937 de
1115 3895 1172 3937 suo
1193 3873 1314 3959 aliquid

361 3972 470 4059 adjicit
496 3973 581 4036 unde
606 3971 666 4036 sibi
691 3973 824 4057 gratiam
851 3975 1004 4052 cumulet,
1026 3974 1173 4060 ingentes
1199 3974 1313 4060 inquit.

364 4076 429 4140 Sed
445 4099 504 4139 nec
518 4075 721 4140 mendacium
738 4076 907 4144 erubescit.
951 4079 1017 4153 Qui
1033 4079 1119 4143 euim
1135 4076 1194 4141 sibi
1212 4076 1315 4159 potuit

361 4178 563 4264 persuadere,
581 4189 616 4242 ut
631 4178 829 4244 honestatem
842 4180 979 4246 hominis
995 4192 1093 4245 tantae
1109 4176 1315 4261 turpitudinis

362 4279 489 4346 macula
504 4281 701 4347 decoloraret
722 4281 914 4368 quacunque
933 4284 973 4346 de
994 4305 1099 4357 causa,
1115 4279 1225 4361 utique
1244 4299 1315 4360 per-
