3309 5309
362 652 425 711 202
539 642 1031 710 ‘souuerssususeenrensrs
1168 645 1248 726 [tm.
1265 668 1316 711 111.

360 817 466 900 poenis
495 838 559 880 non
592 815 750 879 verebitur
780 815 953 899 objectare.
1003 817 1068 880 Sed
1098 817 1187 900 quod
1216 818 1316 900 magis

359 919 514 994 mirabile,
545 920 762 1001 gratulabitur,
783 919 811 981 si
841 919 958 982 astutia
980 941 1038 982 sua
1059 918 1226 982 industriae
1255 929 1316 983 tuae

357 1023 483 1085 labores
499 1032 531 1083 et
545 1020 788 1096 sollicitudines,
803 1021 865 1084 hac
881 1021 1027 1084 mercede
1043 1020 1220 1098 donaverit,
1236 1032 1271 1084 ut
1285 1034 1314 1084 te

360 1121 473 1186 reddat
487 1123 651 1199 infamem,
660 1133 692 1185 et
707 1122 732 1184 si
744 1121 867 1198 fecerit,
876 1132 932 1184 ant
943 1122 1073 1186 finxerit
1083 1131 1113 1185 te
1127 1124 1315 1187 criminibus

358 1225 509 1287 inauditis
521 1225 705 1287 obnoxium.
751 1225 826 1286 Non
843 1232 893 1286 est
904 1225 988 1286 enim
1002 1226 1120 1288 malum
1136 1224 1311 1289 incivitate

358 1325 515 1409 quodnon
524 1327 557 1389 in
568 1326 674 1389 divitis
684 1325 1202 1410 consiliariosimpingatur,quum
1211 1327 1313 1390 inanis

357 1428 399 1489 sit
414 1428 592 1503 excusatio,
608 1426 749 1511 eoquod
773 1448 867 1490 omne
884 1428 1034 1503 officium,
1050 1427 1112 1490 sibi
1128 1438 1309 1510 potentatus

357 1528 542 1603 conformat,
557 1549 718 1612 nemoque
734 1527 864 1610 sapiens
880 1527 935 1589 diu
951 1530 1085 1592 fluctuat
1099 1529 1237 1592 consilio
1254 1529 1311 1591 im-

356 1625 560 1706 prudentum.
621 1626 738 1688 Omnia
766 1645 906 1709 namque
937 1624 1091 1689 discernit
1120 1639 1152 1688 et
1176 1625 1311 1709 judicat.

355 1728 407 1789 An
423 1749 496 1790 eum
514 1740 608 1810 putas
625 1728 659 1789 in
676 1727 873 1790 conscientia
893 1748 951 1789 sua
970 1747 1115 1790 securum
1136 1728 1311 1811 quiescere,

354 1828 447 1911 cujus
462 1828 688 1912 turpitudinem
704 1827 881 1911 producere
897 1839 988 1911 potes
1003 1829 1036 1890 in
1059 1830 1176 1906 lucem,
1192 1842 1224 1892 et
1239 1851 1309 1912 pro·

355 1929 435 1991 ferre
457 1931 491 1991 in
515 1928 704 2011 publicum?
729 1930 823 1993 Certe
847 1930 961 2005 omnis,
977 1931 1033 2014 qui
1047 1932 1150 1993 malus
1165 1941 1227 2004 est,
1244 1931 1311 1993 odit

353 2030 470 2091 lucem.
515 2029 561 2090 Et
582 2049 663 2110 opus
686 2050 793 2105 omne,
816 2028 948 2092 artificis
977 2031 1025 2092 sui
1048 2028 1171 2093 ridetur
1192 2032 1309 2094 habere

354 2130 536 2208 imaginem.
595 2129 870 2192 Meretricantium
903 2130 1070 2194 mulierum
1106 2132 1200 2196 sucus
1235 2132 1308 2195 dum

354 2231 443 2311 argui
459 2240 581 2291 veretur
592 2231 752 2306 alumine,
764 2232 845 2311 petit
860 2233 1000 2307 umbras,
1016 2244 1047 2296 et
1063 2233 1154 2297 timet
1165 2255 1207 2296 ne
1223 2234 1306 2317 seip-

355 2332 400 2393 sis
416 2330 621 2393 deformiores
640 2331 712 2407 sint,
727 2332 754 2392 si
769 2332 955 2396 immediate
968 2336 1041 2399 luce
1057 2334 1236 2399 videntium
1252 2337 1307 2399 ob·

352 2432 475 2495 tutibus
503 2440 643 2514 pateant.
690 2432 766 2496 Hoc
797 2454 874 2515 ergo
897 2435 1023 2499 illarum
1053 2445 1121 2499 tota
1142 2437 1305 2519 vigilantia

356 2535 524 2618 quaeritat
535 2532 620 2618 quod
632 2556 698 2597 non
710 2546 760 2597 est
769 2535 803 2598 in
820 2537 877 2612 eis,
890 2539 1059 2620 praestricti
1071 2537 1157 2601 oculi
1169 2538 1306 2617 videant,

354 2645 387 2700 et
409 2637 466 2719 qui
488 2634 608 2710 vident,
633 2637 710 2700 caeci
734 2636 861 2701 saciant.
906 2641 947 2701 At
970 2640 1002 2701 in
1026 2639 1076 2702 his
1098 2661 1172 2723 quae
1198 2642 1305 2705 nativo

353 2739 459 2801 colore
475 2738 653 2812 confidunt,
668 2738 766 2818 longe
782 2740 871 2801 aliter
886 2750 946 2818 est,
961 2740 1037 2824 quia

458 2866 524 2920 Heec
536 2871 608 2919 emat
620 2867 764 2932 obscurum,
776 2868 848 2921 volet
858 2869 914 2921 hoec
926 2871 973 2923 sub
985 2869 1043 2922 luce
1054 2871 1145 2936 rideri,

359 2994 368 3012 Ι
457 2953 556 3006 Judicis
568 2959 688 3021 argutum
700 2971 757 3021 quae
768 2972 819 3007 non
830 2953 951 3009 formidet
963 2974 1079 3010 acumen.

351 3075 444 3138 Licet
457 3075 564 3158 itaque
586 3088 778 3138 secretorum
799 3077 982 3140 communio
1004 3075 1128 3161 aliquid
1143 3078 1302 3142 felicitatis

351 3175 498 3239 rideatur
519 3175 669 3259 adjicere,
684 3175 847 3238 securitati
870 3187 974 3239 tamen
998 3174 1171 3259 plurimum
1196 3177 1301 3240 demit

351 3277 505 3354 Difficile,
520 3288 575 3340 aut
596 3278 703 3360 potius
726 3278 924 3361 impossibile
946 3290 993 3342 est
1015 3279 1087 3343 illos
1109 3300 1301 3364 percurrere,

351 3379 407 3461 qui
436 3378 497 3441 hac
527 3380 580 3440 via
609 3379 651 3441 ad
680 3379 800 3442 inferos
834 3379 1081 3454 descenderunt,
1113 3392 1169 3445 aut
1197 3381 1300 3465 poenis

350 3478 532 3541 novissimis
548 3501 582 3542 se
595 3481 815 3562 ingemuerunt
829 3484 971 3546 affectos.

455 3606 517 3660 Heu
529 3609 592 3660 mihi
604 3628 647 3662 cur
658 3609 721 3675 vidi,
733 3628 778 3662 cur
788 3611 868 3662 noxie
879 3609 978 3664 luminu
988 3610 1053 3664 fecii

347 3730 453 3813 inquit
473 3731 537 3811 ille,
560 3733 614 3816 qui
637 3755 679 3796 an
702 3731 741 3795 de
765 3734 963 3797 conscientia
984 3734 1092 3812 alieni,
1116 3757 1157 3798 an
1180 3735 1298 3820 proprii

348 3832 453 3915 operis
476 3853 564 3894 noxa
590 3833 846 3915 deportationem
873 3836 1032 3911 meruerit,
1059 3836 1218 3900 incertum
1243 3850 1297 3900 est.

347 3935 478 4000 Certum
508 3945 614 3998 tamen
641 3946 699 4009 est,
727 3937 813 4018 quod
839 3940 923 4001 mala
947 3939 1052 4001 aliena
1076 3940 1204 4003 novisse
1235 3961 1296 4002 non

346 4036 486 4120 expedit.
532 4038 746 4099 Veruntamen
771 4040 837 4101 sive
862 4042 1012 4119 sciantur,
1033 4041 1099 4104 sire
1123 4064 1199 4122 non,
1217 4042 1295 4105 nihil

345 4139 445 4203 tutius
466 4149 524 4214 est,
539 4159 633 4221 quam
656 4140 817 4221 propriam
843 4143 1073 4205 conscientium
1096 4164 1290 4207 conservare.

344 4240 559 4323 Philosophus
582 4240 628 4304 sic
651 4241 732 4302 inter
754 4240 863 4305 hostes
880 4243 1048 4307 vivendum
1071 4245 1208 4320 censuit,
1225 4255 1291 4308 tau-
