3309 5309
358 672 399 737 dt
608 687 746 734 ioannis
761 685 1042 730 ssansaamsnsrs
1176 665 1258 745 [ua.
1276 686 1313 730 11.

358 841 454 906 fidem
469 853 502 905 et
518 839 659 903 fructum
675 859 804 902 evacuo.
844 835 1025 901 Multisarie
1047 834 1216 921 siquidem,
1230 835 1314 899 rnul-

356 943 463 1028 tisque
476 940 580 1006 modis
601 961 691 1005 susm
709 942 799 1004 Deus
819 938 950 1002 instruit
971 951 1161 1015 creaturam,
1175 948 1208 1002 et
1228 958 1313 1001 nunc

357 1043 587 1108 elementorum
611 1042 755 1118 vocibus,
777 1062 864 1106 nunc
886 1038 1081 1104 sensibilium
1102 1053 1160 1104 aut
1181 1038 1312 1104 insensi-

355 1144 468 1209 bilium
484 1166 590 1208 rernm
605 1142 742 1220 indiciis,
756 1153 856 1227 prout
877 1140 986 1206 electis
1000 1142 1126 1206 noverit
1148 1139 1311 1226 expedire,

355 1269 431 1333 quae
452 1259 585 1312 ventura
607 1259 682 1311 sunt
704 1243 894 1310 manifestat.
940 1245 1083 1309 Futuras
1104 1244 1216 1332 itaque
1233 1255 1311 1308 tem·

355 1362 504 1436 pestates,
525 1361 582 1414 aut
604 1348 796 1422 serenitates,
814 1349 904 1432 signs
925 1346 1073 1433 quiedam
1093 1345 1313 1413 antecedentia

355 1452 609 1538 praeloquuntur,
626 1466 662 1515 ut
683 1451 779 1515 bomo
794 1450 852 1537 qui
867 1448 908 1512 ad
932 1448 1070 1513 laborem
1086 1460 1182 1512 natus
1195 1461 1256 1525 est,
1271 1471 1309 1512 ex

355 1554 405 1618 his
430 1555 530 1641 possit
555 1576 614 1618 sua
636 1551 788 1619 exercitia
813 1564 1000 1638 temperare.
1038 1550 1126 1614 Hinc
1151 1549 1310 1635 agricolae,

354 1656 428 1721 hinc
439 1671 546 1724 nautae
558 1656 769 1721 familiaribus
780 1653 972 1742 quibusdam
984 1651 1221 1737 experimentis,
1231 1652 1309 1738 quid

355 1782 420 1845 qno
435 1769 577 1846 tempore
598 1757 664 1843 ger'i
679 1769 825 1843 oporteat
845 1756 1013 1838 colligunt,
1028 1749 1215 1841 qnalitstem
1232 1766 1310 1819 tem·

354 1861 440 1945 poris
454 1862 556 1926 futuri
571 1885 613 1925 ex
634 1884 671 1923 eo
687 1857 776 1944 quod
798 1857 950 1944 praeteriit
970 1857 1145 1922 metientes.
1190 1860 1228 1921 ln
1244 1879 1310 1942 qua

354 1984 388 2024 re
416 1985 474 2026 nec
503 1984 588 2039 aves,
616 1960 656 2023 de
689 1960 809 2046 quibus
840 1982 942 2023 sermo
972 1959 1145 2045 praecessit,
1169 1958 1309 2044 parentis

355 2074 479 2126 naturae
498 2060 651 2127 beneficio
665 2061 803 2126 arbitror
825 2060 1006 2126 destitutas.
1044 2063 1188 2145 Mergus,
1204 2059 1309 2147 alcyo-

355 2160 1170 2247 nes‚cygnns‚arcansnaturaefrequenteraperiunt.
1199 2161 1307 2238 Quum

354 2262 470 2326 etenim
486 2263 570 2327 circa
585 2263 723 2327 medinm
739 2263 875 2348 hyemis,
885 2263 1033 2348 alcyones
1045 2261 1219 2337 nidificare,
1234 2285 1309 2327 ova·

354 2385 419 2449 que
432 2364 539 2427 fovere
553 2364 764 2449 conspexeris,
780 2364 820 2428 de
843 2365 952 2428 decem
967 2377 1000 2428 et
1015 2363 1158 2451 quinque
1180 2363 1305 2429 dierum

353 2465 533 2550 gratissima
549 2466 716 2532 serenitate
732 2488 771 2530 ne
787 2466 926 2547 dubites,
942 2487 1061 2552 eosque
1083 2478 1191 2530 nautae
1206 2466 1306 2531 solent

353 2567 539 2655 diligentius
570 2568 748 2647 observare,
777 2568 993 2653 dicunturque
1029 2566 1098 2631 dies
1127 2568 1306 2652 alcyonitae,

352 2673 472 2758 quibus
492 2672 545 2737 vix
566 2672 614 2736 vel
639 2670 743 2736 tennis
764 2671 862 2736 flatus
883 2693 962 2735 aura
985 2670 1132 2736 sentitur.
1171 2675 1243 2736 Hos
1265 2671 1306 2736 sd

351 2775 599 2860 procreationem
626 2773 789 2860 pullorum
811 2795 952 2853 suornm,
975 2772 1034 2836 sibi
1060 2796 1080 2836 a
1098 2784 1211 2838 natura
1234 2795 1306 2837 con·

350 2896 463 2953 cesses,
476 2874 689 2938 verisimiliter
703 2874 893 2959 opinaberis.
916 2875 1025 2952 Quum
1039 2897 1114 2937 vero
1127 2873 1304 2940 fluvialium

351 2974 457 3041 avium
488 2998 620 3062 corpora
647 2976 680 3038 in
711 2976 803 3061 aquis
832 2975 958 3040 avidius
991 2977 1091 3060 mergi
1121 2975 1304 3063 conspicies,

349 3079 466 3145 imbres
488 3093 631 3165 expecta.
676 3082 785 3154 Quum
808 3079 976 3144 clamorem
1001 3078 1144 3145 Cornicis
1167 3078 1306 3144 audieris

349 3188 555 3262 matutinum,
571 3183 712 3269 pluviam
729 3182 821 3267 petit.

454 3292 535 3344 Haud
546 3292 605 3344 ideo
617 3291 701 3355 credo,
713 3292 774 3359 quia
784 3292 820 3343 sit
832 3291 943 3344 divinius
954 3289 1006 3342 illis

454 3376 604 3443 Ingenium,
616 3382 757 3429 antrorum
768 3375 823 3430 fato
835 3376 972 3448 prudentia
980 3376 1072 3447 major,

350 3468 405 3533 sed
420 3469 496 3554 quia
511 3481 670 3532 morantes
680 3469 713 3533 in
729 3492 800 3534 aere
816 3484 922 3535 motus
932 3470 1020 3535 illius
1034 3469 1129 3535 citius
1142 3469 1176 3534 in
1192 3469 1304 3556 seipsis

348 3570 499 3647 sentiunt,
510 3583 543 3635 et
558 3569 632 3633 inde
642 3568 833 3636 hilaritatem
845 3573 1040 3659 concipiunt,
1051 3585 1108 3638 ant
1122 3592 1302 3638 moerorem.

351 3671 419 3734 Nec
435 3671 561 3745 mirum,
580 3694 679 3757 quum
695 3684 725 3736 et
747 3674 893 3758 graviora
908 3675 1092 3740 animalium
1107 3696 1241 3761 corpora
1261 3673 1303 3738 ad

348 3771 541 3837 exteriorum
577 3785 683 3838 motus
717 3775 974 3861 frequentissime
1009 3778 1234 3865 disponantur,
1270 3789 1302 3841 et

347 3895 464 3939 arcano
496 3872 635 3960 quodam
666 3888 790 3939 naturae
819 3877 963 3952 consilio,
992 3891 1105 3963 gerant
1138 3877 1304 3943 elementis

347 3974 557 4039 necessarium
580 3996 709 4039 morem.
749 3975 834 4050 Quae
853 3977 935 4041 enim
958 3979 1141 4042 animalium
1161 3979 1303 4065 corpori·

346 4078 409 4143 bns
430 4078 514 4142 bona
530 4075 581 4139 vel
595 4075 677 4139 mala
699 4075 896 4156 immineant,
909 4077 935 4141 si
957 4101 990 4141 se
1010 4077 1228 4162 temporaliter
1251 4082 1303 4146 vel

345 4177 604 4266 extemporaliter
626 4175 823 4243 reddiderint
846 4191 1000 4265 tempora,
1021 4200 1072 4242 ars
1093 4178 1301 4264 physicorum

345 4281 466 4368 regulis
475 4281 541 4349 suis
554 4280 631 4346 satis
642 4277 850 4366 probabiliter
860 4282 1109 4367 comprehendit.
1138 4284 1300 4361 Futurum
