3309 5309
345 650 409 706 att
590 657 728 701 tornius
752 655 1028 701 sinusuumrnsrs
1159 638 1241 716 [nra.
1258 659 1299 702 ιν.

345 810 488 896 publicos
500 809 635 871 honores
647 829 780 885 cessare,
790 809 951 869 naturales
962 820 994 870 et
1005 806 1162 889 genuinos
1174 808 1298 871 exoriri.

346 913 419 974 Hoc
445 931 586 994 quoque,
613 907 717 992 inquit
742 910 883 979 Taurus,
909 906 996 990 quod
1020 906 1061 970 ad
1085 929 1135 969 me
1159 908 1298 980 venistis,

345 1012 432 1097 quod
459 1032 543 1073 nunc
570 1009 741 1093 loquimur,
764 1006 853 1092 quod
880 1006 920 1069 de
946 1006 1056 1070 officiis
1081 1007 1298 1083 discertamus,

344 1116 471 1199 privata
485 1111 568 1174 actio
583 1121 640 1173 est.
672 1111 787 1193 Itaque
800 1123 835 1172 tu
852 1121 943 1193 pater
959 1122 1049 1173 utere
1060 1109 1111 1172 his
1126 1110 1299 1174 honoribus

345 1214 446 1298 prius,
472 1211 590 1298 quibus
617 1230 746 1294 quoque
773 1208 882 1271 domui
907 1222 1021 1273 vestrae
1044 1210 1148 1274 te'uti
1164 1211 1298 1295 priorem

345 1315 447 1378 decet.
495 1313 575 1375 Haec
597 1333 674 1394 ergo
697 1309 935 1393 magistratibus
956 1311 1145 1393 generaliter
1171 1334 1300 1396 persua·

345 1411 451 1476 denda
476 1411 623 1485 arbitror,
651 1422 686 1473 ut
712 1410 744 1472 in
771 1409 938 1493 splendore
968 1410 1105 1495 publicae
1136 1412 1300 1496 diguitatis

345 1535 499 1577 memores
524 1511 586 1574 sint
611 1510 749 1595 propriae
775 1510 974 1589 conditionis,
1000 1523 1032 1573 et
1061 1511 1106 1574 sic
1131 1511 1297 1578 attendant

345 1613 483 1701 propriae
498 1611 687 1676 conditionis
707 1623 838 1689 statum,
853 1626 889 1675 ut
904 1633 965 1674 non
987 1612 1198 1676 devenustent
1220 1615 1299 1699 pub-

345 1711 414 1774 licte
429 1707 595 1795 dignitatis
612 1708 765 1791 gradum;
798 1707 842 1770 sic
857 1711 952 1772 etiam
967 1709 1075 1774 collati
1096 1711 1157 1774 sibi
1173 1712 1299 1777 honoris

345 1811 559 1896 integritatem
582 1824 719 1886 servent,
740 1821 775 1871 ut
796 1806 928 1871 aliorum
950 1831 1012 1872 non
1028 1809 1173 1875 minuant
1197 1813 1300 1899 digni·

346 1925 462 1977 tatem:
493 1910 584 1975 etsie
610 1913 731 1993 privata
753 1909 889 1994 quisque
912 1909 1027 1995 polleat
1052 1912 1233 1997 dignitate3
1266 1930 1299 1980 ut

347 2035 408 2075 non
424 2012 480 2074 fiat
496 2012 614 2095 injuria
628 2010 765 2095 publicae
781 2011 940 2094 potestati.

348 2283 430 2366 Cap.
446 2286 477 2345 ὃ.
502 2284 553 2345 De
569 2285 779 2347 moderatione
786 2285 922 2364 justitie
937 2292 966 2347 et
987 2283 1163 2347 clementia
1180 2290 1301 2368 princi-

386 2387 451 2462 pis,
476 2401 548 2461 que
574 2382 750 2444 debentia
776 2403 811 2444 eo
835 2384 879 2444 ad
902 2384 1077 2446 utilitatem
1104 2385 1298 2467 Reipublicae

390 2485 628 2563 contemperari.

391 2617 568 2678 Ouarnaar
584 2636 661 2698 ergo
675 2614 707 2675 in
723 2614 876 2699 principe,
892 2599 978 2698 qnod
995 2615 1090 2680 debet
1106 2621 1139 2682 in
1155 2621 1300 2686 omnibus

347 2717 501 2790 obtinere,
513 2737 606 2777 nemo
617 2737 691 2799 quae
706 2737 762 2777 sua
773 2726 848 2778 sunt
857 2729 993 2799 quaerat,
1005 2717 1058 2781 sed
1072 2740 1147 2802 quae
1156 2721 1299 2785 aliorum.

348 2820 563 2882 Veruntamen
593 2817 694 2901 ipsius
720 2816 893 2879 affectionis
922 2819 1046 2898 modus,
1067 2841 1132 2904 quo
1161 2824 1301 2887 caritatis

347 2918 485 2985 brachiis
516 2918 675 3003 subjectos
705 2933 741 2981 ut
771 2918 886 2980 fratres
917 2919 1130 3002 amplexatur,
1160 2923 1301 2987 modera-

349 3019 443 3083 tionis
465 3018 623 3081 limitibus
646 3016 817 3081 clauditur.
863 3017 916 3082 Sic
937 3018 1019 3080 enirn
1047 3020 1162 3084 fratres
1184 3021 1300 3107 diligit,

349 3117 436 3204 quod
459 3139 579 3179 errores
600 3138 708 3179 eorum
731 3115 960 3180 medicinaliter
977 3118 1121 3202 corrigit,
1140 3120 1184 3182 sic
1205 3121 1237 3183 in
1258 3123 1301 3185 eis

347 3240 472 3281 carnem
499 3216 640 3301 agnoscit
666 3228 698 3278 et
725 3214 921 3298 sanguinem,
945 3231 981 3280 ut
1007 3241 1044 3280 ea
1070 3220 1201 3304 spiritus
1228 3223 1300 3285 sub·

344 3317 436 3402 jioiat
451 3316 575 3380 ditioni.
621 3315 822 3378 Medicorum
848 3317 961 3401 utique
976 3320 1173 3383 consuetudo
1188 3333 1248 3396 est,
1264 3336 1300 3386 ut

349 3416 487 3495 morbos,
503 3439 583 3501 quos
604 3416 752 3479 fomentis
768 3427 800 3478 et
821 3416 994 3480 levioribus
1014 3419 1178 3486 medicinis
1192 3445 1301 3487 curare

349 3521 524 3599 nequeunt,
538 3515 740 3599 gravioribus
760 3516 925 3591 adhibitis,
940 3517 1015 3601 igne
1035 3534 1115 3603 puta
1137 3526 1187 3586 vel
1205 3523 1299 3598 ferro,

350 3628 471 3680 curent.
527 3620 595 3680 Nec
617 3638 756 3701 unquam
780 3628 916 3680 utuntur
937 3618 1101 3702 gravibus,
1116 3622 1177 3686 nisi
1200 3647 1300 3708 quum

349 3715 466 3778 levium
483 3716 634 3779 beneficio
650 3716 828 3779 desiderata
843 3717 960 3781 sanitas
975 3718 1181 3804 desperatur:
1210 3725 1298 3789 sicet

351 3827 490 3900 potestas
501 3837 600 3900 quum
613 3815 798 3880 inferiorum
812 3817 889 3883 vitia
901 3833 1066 3886 mansueta
1077 3845 1173 3888 manu
1189 3848 1300 3890 curare

351 3938 413 3979 non
429 3914 554 3988 sufficit,
570 3938 733 3999 poenarum
749 3918 951 3982 acrimoniam
971 3921 1082 3986 dolens
1096 3937 1179 3989 recte
1193 3926 1300 3991 vulne-

350 4016 440 4080 ribus
454 4013 605 4088 infundit,
621 4027 653 4077 et
668 4015 722 4099 pia
737 4017 924 4083 crudelitate
944 4019 1034 4084 saevit
1048 4022 1081 4084 in
1098 4024 1208 4100 malos,
1223 4026 1298 4089 dum

349 4119 505 4182 bonorum
517 4112 718 4178 incolumitas
729 4131 930 4200 procuratur.
957 4120 1019 4185 Sed
1032 4123 1105 4205 quis
1116 4123 1183 4188 sine
1194 4125 1299 4189 dolore

349 4217 471 4304 proprii
486 4216 627 4300 corporis
638 4217 779 4281 membra
790 4219 892 4282 valuit
903 4228 1094 4305 amputare?
1118 4225 1215 4290 Dolet
1226 4249 1298 4311 ergo
