3309 5309
464 678 504 734 52
719 686 856 732 cosmus
874 682 1150 731 ssaassnmausrs
1293 668 1377 741 [crs.
1394 678 1417 729 t.

780 838 896 889 bissenos
908 835 1028 888 laetantes
1040 852 1100 887 aere
1112 852 1209 903 cygnos

467 939 613 1004 reducem
630 939 759 1003 classem
777 940 902 1015 AEneae,
920 939 1050 1001 Veneris
1065 938 1217 1001 vaticinio
1233 937 1416 1002 nunciasse?
1442 930 1456 948 '

468 1042 588 1105 Eorum
613 1063 749 1125 namque
779 1040 921 1104 hilaritas
951 1062 1012 1102 non
1044 1038 1139 1102 modo
1165 1040 1282 1120 nautiS,
1307 1038 1363 1103 sed
1386 1049 1418 1102 et

468 1144 648 1230 quibusque
673 1143 950 1228 peregrinantibus
976 1141 1115 1204 felicium
1143 1155 1318 1206 eventuum
1347 1162 1417 1226 gra-

469 1250 545 1309 tiam
562 1244 707 1329 spondet,
719 1244 779 1307 nisi
792 1244 932 1307 fortioris
944 1256 1113 1328 superetur
1124 1243 1273 1308 adventu.
1303 1242 1421 1328 Aquila

469 1371 606 1433 namque
621 1350 704 1411 sicut
727 1369 782 1410 rex
806 1346 912 1409 avium
935 1359 993 1422 est,
1011 1349 1035 1410 si
1057 1368 1119 1409 non
1143 1346 1313 1410 alarionem
1336 1345 1421 1411 exci-

469 1451 549 1535 pias,
572 1472 646 1534 quae
670 1450 753 1513 forte
778 1449 958 1535 aquilarum
982 1449 1101 1534 species
1122 1448 1342 1535 potentissima
1364 1460 1421 1526 est,

469 1553 558 1638 regni
574 1554 623 1616 sui
639 1554 804 1638 majestate
816 1552 956 1615 omnium
970 1552 1088 1632 avium,
1100 1551 1126 1616 si
1138 1565 1248 1616 contra
1258 1552 1420 1637 loquatur,

470 1655 565 1720 fidem
596 1668 737 1720 evacuat.
795 1659 949 1720 Potuerat
979 1655 1066 1741 apud
1099 1654 1236 1719 Statium
1265 1654 1422 1740 praesagio

469 1757 635 1821 voluerum
654 1759 840 1823 Graecorum
864 1757 1023 1821 exercitus
1043 1757 1226 1822 confortari.
1271 1756 1336 1822 Sed
1359 1756 1422 1820 for·

468 1861 531 1926 tior
556 1884 627 1925 ecce
653 1859 828 1924 adventans
851 1883 907 1945 per
932 1861 1026 1923 inane
1049 1859 1181 1923 cohors:
1222 1858 1421 1944 Amphiarao

469 1962 653 2045 interprete,
684 1964 871 2025 Graecorum
910 1984 1040 2046 quoque
1076 1960 1221 2036 exitium,
1258 1960 1419 2047 patefecit.

472 2062 564 2127 Licet
589 2062 671 2125 enim
698 2064 806 2147 aquila
828 2062 1028 2146 quarundam
1052 2063 1159 2126 avium
1182 2062 1305 2126 viribus
1331 2084 1422 2148 supe·

471 2178 572 2241 retur,
602 2165 634 2226 in
665 2163 935 2248 praenunciatione
966 2162 1032 2228 veri
1057 2165 1145 2228 nulla
1175 2164 1337 2249 potentior
1364 2175 1420 2227 est.

473 2266 606 2330 Cunctis
635 2265 791 2351 siquidem
821 2266 934 2330 avibus
964 2266 1168 2331 excellentius
1197 2267 1294 2341 volat,
1321 2277 1353 2329 et
1382 2264 1422 2329 ab

471 2368 571 2454 ipsius
588 2367 680 2433 Jovis
704 2391 818 2433 arcano
833 2391 995 2454 nunquam
1012 2368 1205 2434 excluditur.
1251 2371 1423 2455 Quumque

472 2481 562 2535 tanto
590 2470 677 2535 visus
705 2470 850 2535 acumine
875 2471 982 2557 vigere
1006 2470 1142 2546 dicatur,
1169 2484 1206 2536 ut
1232 2472 1273 2535 ab
1303 2466 1425 2537 aetlrere‘

472 2594 596 2636 summo
618 2572 784 2657 pisciculos
807 2572 839 2636 in
862 2573 964 2637 fundo
987 2574 1082 2637 maris
1108 2586 1308 2650 contueatur,
1333 2586 1365 2637 et
1391 2572 1422 2636 in

471 2674 578 2759 ipsum
600 2678 708 2747 solem,
724 2674 811 2760 quod
836 2674 915 2739 nulli
937 2674 1143 2740 animantium
1165 2675 1249 2755 licet,
1264 2673 1342 2758 figat
1365 2673 1421 2737 ob·

473 2787 591 2851 tutum,
615 2798 764 2839 sensuum
787 2777 918 2862 quidem
942 2777 1117 2842 subtilitate
1140 2777 1180 2841 de
1204 2776 1297 2840 Jovis
1318 2774 1422 2861 gratia

472 2876 693 2941 conscientiam
715 2879 860 2942 veritatis
877 2902 1049 2965 rerumque
1071 2879 1222 2964 mysteria
1243 2891 1421 2943 mutuatur.

474 2978 554 3056 Quis
575 2980 657 3043 enim
681 2978 795 3043 falsum
816 2979 1021 3066 interpretem
1045 2981 1142 3058 dicat,
1163 3004 1259 3067 quem
1282 2980 1424 3044 consilio-

473 3102 545 3146 rum
569 3084 661 3148 Jovis
683 3084 772 3147 novit
794 3107 860 3149 esse
882 3083 1093 3170 participem?
1139 3084 1251 3148 Locris
1273 3082 1424 3148 adversus

475 3186 697 3250 Crotonienses
721 3185 959 3263 dimicantibus,
983 3185 1091 3272 aquila
1116 3186 1193 3250 dum
1220 3187 1426 3273 pugnabatur

472 3288 677 3371 supervolans
693 3288 857 3352 victoriam
874 3288 994 3352 dicitur
1007 3290 1190 3366 contulisse,
1206 3311 1307 3375 quum
1329 3287 1424 3374 pauci

474 3408 605 3450 numero
620 3388 794 3452 deleverint
809 3390 959 3454 infinitos.
991 3392 1064 3454 Hoc
1080 3404 1184 3455 tamen
1202 3391 1346 3456 validiori
1363 3390 1426 3475 sig·

475 3510 517 3551 no
532 3488 683 3552 scribitur
705 3489 902 3566 roboratum,
919 3515 956 3554 eo
978 3493 1066 3577 quod
1083 3493 1148 3557 duo
1166 3495 1301 3579 juvenes
1316 3515 1426 3578 proce-

475 3589 566 3653 rioris
582 3602 724 3665 staturae,
741 3591 944 3673 elegantioris
959 3594 1080 3675 formae,
1094 3596 1126 3659 in
1149 3595 1285 3660 candido
1299 3594 1426 3674 habitu,

477 3691 518 3755 ab
541 3704 678 3776 utroque
700 3691 798 3755 latere
821 3693 942 3757 Locros
968 3697 1207 3779 praecesserim
1239 3696 1368 3773 scilicet,
1392 3710 1428 3762 ut

477 3805 545 3856 erat
561 3793 734 3857 communis
749 3794 867 3878 opiui0,
880 3798 994 3859 Castor
1009 3808 1040 3859 et
1057 3797 1183 3861 Pollux.
1222 3798 1340 3861 Omina
1354 3818 1430 3860 vero

475 3894 661 3978 ‘hujusmodi
676 3916 776 3979 quum
792 3896 998 3978 geminantur
1013 3900 1192 3983 potentiora
1207 3911 1292 3962 sunt.
1338 3902 1426 3963 Dum

479 3994 592 4069 Hiero,
616 3995 743 4081 dequo
770 4020 877 4082 supra,
902 3999 1004 4084 prima
1029 4000 1111 4064 bella
1131 4000 1236 4079 iniret,
1258 3999 1368 4084 aquila
1389 4021 1429 4063 ex

474 4096 650 4183 improviso
685 4097 801 4161 resedit
839 4098 872 4162 in
910 4101 1023 4186 clypeo
1052 4101 1296 4187 progredientis,
1330 4122 1427 4163 manu

477 4213 660 4288 promptum
686 4222 857 4285 regemque
882 4202 1029 4266 futurum
1056 4204 1244 4286 significans.
1296 4205 1347 4265 Ea
1377 4201 1429 4266 die

478 4327 543 4389 qua
558 4314 651 4367 natus
670 4319 717 4367 est
735 4302 929 4384 Alexander,
950 4306 1022 4370 duae
1045 4306 1161 4391 aquilae
1183 4320 1250 4370 tota
1274 4304 1327 4369 die
1347 4326 1430 4389 prae-
