<?xml version="1.0" encoding="UTF-8"?>
<!DOCTYPE html PUBLIC "-//W3C//DTD XHTML 1.0 Transitional//EN"
    "http://www.w3.org/TR/xhtml1/DTD/xhtml1-transitional.dtd">
<html xmlns="http://www.w3.org/1999/xhtml" xml:lang="en" lang="en">
 <head>
  <title>
</title>
<meta http-equiv="Content-Type" content="text/html;charset=utf-8" />
  <meta name='ocr-system' content='tesseract 3.04.00' />
  <meta name='ocr-capabilities' content='ocr_page ocr_carea ocr_par ocr_line ocrx_word'/>
</head>
<body>
  <div class='ocr_page' id='page_1' title='image "./joannissaresber04johngoog_0209.png"; bbox 0 0 3309 5309; ppageno 0'>
   <div class='ocr_carea' id='block_1_1' title="bbox 359 644 1314 723">
    <p class='ocr_par' dir='ltr' id='par_1_1' title="bbox 359 644 1314 723">
     <span class='ocr_line' id='line_1_1' title="bbox 359 644 1314 723; baseline -0.003 -18"><span class='ocrx_word' id='word_1_1' title='bbox 359 661 432 706; x_wconf 79' lang='lat' dir='ltr'><strong>car.</strong></span> <span class='ocrx_word' id='word_1_2' title='bbox 447 646 497 723; x_wconf 69' lang='lat' dir='ltr'><strong>iu]</strong></span> <span class='ocrx_word' id='word_1_3' title='bbox 711 661 968 705; x_wconf 68' lang='lat' dir='ltr'><strong>conveniamus.</strong></span> <span class='ocrx_word' id='word_1_4' title='bbox 1254 644 1314 702; x_wconf 84' lang='grc'><strong>193</strong></span> 
     </span>
    </p>
   </div>
   <div class='ocr_carea' id='block_1_2' title="bbox 345 810 1309 4399">
    <p class='ocr_par' dir='ltr' id='par_1_2' title="bbox 345 810 1309 4399">
     <span class='ocr_line' id='line_1_2' title="bbox 355 810 1309 895; baseline -0.003 -19"><span class='ocrx_word' id='word_1_5' title='bbox 355 814 544 895; x_wconf 80' lang='lat' dir='ltr'><strong>assequitur.</strong></span> <span class='ocrx_word' id='word_1_6' title='bbox 583 811 635 876; x_wconf 85' lang='lat' dir='ltr'><strong>Sic</strong></span> <span class='ocrx_word' id='word_1_7' title='bbox 653 811 796 876; x_wconf 82' lang='lat' dir='ltr'>adulator</span> <span class='ocrx_word' id='word_1_8' title='bbox 811 814 942 895; x_wconf 88' lang='lat' dir='ltr'><strong>quidem</strong></span> <span class='ocrx_word' id='word_1_9' title='bbox 959 834 1021 874; x_wconf 93' lang='lat' dir='ltr'><strong>non</strong></span> <span class='ocrx_word' id='word_1_10' title='bbox 1037 831 1162 893; x_wconf 80' lang='lat' dir='ltr'><strong>semper</strong></span> <span class='ocrx_word' id='word_1_11' title='bbox 1176 810 1309 893; x_wconf 77' lang='lat' dir='ltr'><strong>decipit,</strong></span> 
     </span>
     <span class='ocr_line' id='line_1_3' title="bbox 354 911 1306 996; baseline -0.006 -18"><span class='ocrx_word' id='word_1_12' title='bbox 354 927 409 979; x_wconf 90' lang='lat' dir='ltr'><strong>aut</strong></span> <span class='ocrx_word' id='word_1_13' title='bbox 423 915 464 976; x_wconf 88' lang='lat' dir='ltr'><strong>de</strong></span> <span class='ocrx_word' id='word_1_14' title='bbox 479 916 583 977; x_wconf 90' lang='lat' dir='ltr'><strong>amico</strong></span> <span class='ocrx_word' id='word_1_15' title='bbox 598 915 783 996; x_wconf 90' lang='lat' dir='ltr'><strong>triumphat.</strong></span> <span class='ocrx_word' id='word_1_16' title='bbox 829 913 910 976; x_wconf 87' lang='lat' dir='ltr'><strong>Fine</strong></span> <span class='ocrx_word' id='word_1_17' title='bbox 932 924 1037 976; x_wconf 89' lang='lat' dir='ltr'><strong>tamen</strong></span> <span class='ocrx_word' id='word_1_18' title='bbox 1054 934 1114 974; x_wconf 89' lang='lat' dir='ltr'><strong>sno</strong></span> <span class='ocrx_word' id='word_1_19' title='bbox 1130 933 1194 975; x_wconf 90' lang='lat' dir='ltr'><strong>non</strong></span> <span class='ocrx_word' id='word_1_20' title='bbox 1210 911 1306 973; x_wconf 86' lang='lat' dir='ltr'><strong>desti-</strong></span> 
     </span>
     <span class='ocr_line' id='line_1_4' title="bbox 355 1013 1305 1094; baseline -0.007 -14"><span class='ocrx_word' id='word_1_21' title='bbox 355 1018 462 1094; x_wconf 90' lang='lat' dir='ltr'><strong>tuitur,</strong></span> <span class='ocrx_word' id='word_1_22' title='bbox 478 1017 505 1078; x_wconf 93' lang='lat' dir='ltr'><strong>si</strong></span> <span class='ocrx_word' id='word_1_23' title='bbox 520 1038 562 1077; x_wconf 84' lang='lat' dir='ltr'><strong>ex</strong></span> <span class='ocrx_word' id='word_1_24' title='bbox 578 1017 839 1093; x_wconf 88' lang='lat' dir='ltr'><strong>contingentibus</strong></span> <span class='ocrx_word' id='word_1_25' title='bbox 853 1017 931 1077; x_wconf 87' lang='lat' dir='ltr'>nihil</span> <span class='ocrx_word' id='word_1_26' title='bbox 948 1015 1095 1077; x_wconf 90' lang='lat' dir='ltr'><strong>omiserit.</strong></span> <span class='ocrx_word' id='word_1_27' title='bbox 1133 1016 1164 1075; x_wconf 94' lang='lat' dir='ltr'>N</span> <span class='ocrx_word' id='word_1_28' title='bbox 1167 1035 1203 1075; x_wconf 89' lang='lat' dir='ltr'><strong>ec</strong></span> <span class='ocrx_word' id='word_1_29' title='bbox 1219 1013 1305 1074; x_wconf 86' lang='lat' dir='ltr'><strong>euim</strong></span> 
     </span>
     <span class='ocr_line' id='line_1_5' title="bbox 355 1113 1307 1200; baseline -0.008 -18"><span class='ocrx_word' id='word_1_30' title='bbox 355 1120 481 1200; x_wconf 84' lang='lat' dir='ltr'><strong>Ulyxes</strong></span> <span class='ocrx_word' id='word_1_31' title='bbox 502 1118 645 1180; x_wconf 83' lang='lat' dir='ltr'><strong>Sirenum</strong></span> <span class='ocrx_word' id='word_1_32' title='bbox 663 1137 756 1178; x_wconf 84' lang='lat' dir='ltr'><strong>voces</strong></span> <span class='ocrx_word' id='word_1_33' title='bbox 779 1117 890 1193; x_wconf 87' lang='lat' dir='ltr'><strong>evasit,</strong></span> <span class='ocrx_word' id='word_1_34' title='bbox 905 1114 991 1199; x_wconf 93' lang='lat' dir='ltr'><strong>quod</strong></span> <span class='ocrx_word' id='word_1_35' title='bbox 1014 1117 1043 1176; x_wconf 90' lang='lat' dir='ltr'><strong>ei</strong></span> <span class='ocrx_word' id='word_1_36' title='bbox 1065 1114 1188 1196; x_wconf 86' lang='lat' dir='ltr'><strong>aliquid</strong></span> <span class='ocrx_word' id='word_1_37' title='bbox 1200 1113 1307 1176; x_wconf 87' lang='lat' dir='ltr'><strong>suavi·</strong></span> 
     </span>
     <span class='ocr_line' id='line_1_6' title="bbox 355 1216 1308 1299; baseline -0.002 -19"><span class='ocrx_word' id='word_1_38' title='bbox 355 1220 427 1281; x_wconf 89' lang='lat' dir='ltr'><strong>tatis</strong></span> <span class='ocrx_word' id='word_1_39' title='bbox 443 1218 570 1281; x_wconf 82' lang='lat' dir='ltr'><strong>deesset</strong></span> <span class='ocrx_word' id='word_1_40' title='bbox 584 1216 624 1278; x_wconf 92' lang='lat' dir='ltr'><strong>ad</strong></span> <span class='ocrx_word' id='word_1_41' title='bbox 640 1219 783 1297; x_wconf 79' lang='lat' dir='ltr'><strong>gratiam,</strong></span> <span class='ocrx_word' id='word_1_42' title='bbox 800 1217 856 1280; x_wconf 90' lang='lat' dir='ltr'><strong>sed</strong></span> <span class='ocrx_word' id='word_1_43' title='bbox 877 1219 952 1299; x_wconf 92' lang='lat' dir='ltr'><strong>quia</strong></span> <span class='ocrx_word' id='word_1_44' title='bbox 972 1217 1108 1279; x_wconf 88' lang='lat' dir='ltr'><strong>stimulis</strong></span> <span class='ocrx_word' id='word_1_45' title='bbox 1122 1217 1308 1297; x_wconf 86' lang='lat' dir='ltr'><strong>voluptatis,</strong></span> 
     </span>
     <span class='ocr_line' id='line_1_7' title="bbox 354 1318 1306 1390; baseline -0.005 -7"><span class='ocrx_word' id='word_1_46' title='bbox 354 1331 386 1383; x_wconf 90' lang='lat' dir='ltr'><strong>et</strong></span> <span class='ocrx_word' id='word_1_47' title='bbox 406 1320 678 1381; x_wconf 87' lang='lat' dir='ltr'><strong>meretricantibus</strong></span> <span class='ocrx_word' id='word_1_48' title='bbox 697 1320 858 1380; x_wconf 86' lang='lat' dir='ltr'><strong>illecebris</strong></span> <span class='ocrx_word' id='word_1_49' title='bbox 874 1319 1032 1390; x_wconf 84' lang='lat' dir='ltr'><strong>vanitatis,</strong></span> <span class='ocrx_word' id='word_1_50' title='bbox 1056 1318 1166 1380; x_wconf 89' lang='lat' dir='ltr'><strong>solidae</strong></span> <span class='ocrx_word' id='word_1_51' title='bbox 1182 1318 1306 1380; x_wconf 88' lang='lat' dir='ltr'><strong>virtutis</strong></span> 
     </span>
     <span class='ocr_line' id='line_1_8' title="bbox 354 1415 1305 1503; baseline -0.003 -21"><span class='ocrx_word' id='word_1_52' title='bbox 354 1429 549 1503; x_wconf 88' lang='lat' dir='ltr'><strong>opposuerat</strong></span> <span class='ocrx_word' id='word_1_53' title='bbox 569 1421 674 1480; x_wconf 86' lang='lat' dir='ltr'><strong>robur.</strong></span> <span class='ocrx_word' id='word_1_54' title='bbox 720 1419 874 1480; x_wconf 86' lang='lat' dir='ltr'><strong>Tentator</strong></span> <span class='ocrx_word' id='word_1_55' title='bbox 898 1439 1027 1501; x_wconf 92' lang='lat' dir='ltr'><strong>quoque</strong></span> <span class='ocrx_word' id='word_1_56' title='bbox 1059 1415 1249 1495; x_wconf 82' lang='lat' dir='ltr'><strong>Pharisaeus,</strong></span> <span class='ocrx_word' id='word_1_57' title='bbox 1273 1426 1305 1479; x_wconf 89' lang='lat' dir='ltr'><strong>et</strong></span> 
     </span>
     <span class='ocr_line' id='line_1_9' title="bbox 355 1518 1306 1602; baseline -0.002 -18"><span class='ocrx_word' id='word_1_58' title='bbox 355 1520 561 1584; x_wconf 91' lang='lat' dir='ltr'><strong>Herodianus</strong></span> <span class='ocrx_word' id='word_1_59' title='bbox 576 1519 753 1598; x_wconf 85' lang='lat' dir='ltr'><strong>insidiator,</strong></span> <span class='ocrx_word' id='word_1_60' title='bbox 768 1541 850 1602; x_wconf 91' lang='lat' dir='ltr'><strong>quas</strong></span> <span class='ocrx_word' id='word_1_61' title='bbox 866 1518 984 1580; x_wconf 86' lang='lat' dir='ltr'><strong>fraudis</strong></span> <span class='ocrx_word' id='word_1_62' title='bbox 998 1541 1063 1581; x_wconf 87' lang='lat' dir='ltr'><strong>suae</strong></span> <span class='ocrx_word' id='word_1_63' title='bbox 1079 1541 1142 1580; x_wconf 91' lang='lat' dir='ltr'><strong>non</strong></span> <span class='ocrx_word' id='word_1_64' title='bbox 1158 1518 1306 1582; x_wconf 89' lang='lat' dir='ltr'><strong>adhibuit</strong></span> 
     </span>
     <span class='ocr_line' id='line_1_10' title="bbox 353 1619 1302 1701; baseline -0.001 -19"><span class='ocrx_word' id='word_1_65' title='bbox 353 1631 448 1694; x_wconf 90' lang='lat' dir='ltr'><strong>artes,</strong></span> <span class='ocrx_word' id='word_1_66' title='bbox 463 1630 499 1681; x_wconf 90' lang='lat' dir='ltr'><strong>ut</strong></span> <span class='ocrx_word' id='word_1_67' title='bbox 513 1640 585 1682; x_wconf 90' lang='lat' dir='ltr'><strong>eum</strong></span> <span class='ocrx_word' id='word_1_68' title='bbox 609 1631 762 1701; x_wconf 88' lang='lat' dir='ltr'><strong>caperent</strong></span> <span class='ocrx_word' id='word_1_69' title='bbox 781 1621 812 1680; x_wconf 92' lang='lat' dir='ltr'><strong>in</strong></span> <span class='ocrx_word' id='word_1_70' title='bbox 837 1639 982 1681; x_wconf 87' lang='lat' dir='ltr'><strong>sermone</strong></span> <span class='ocrx_word' id='word_1_71' title='bbox 1003 1619 1114 1697; x_wconf 84' lang='lat' dir='ltr'><strong>lingua</strong></span> <span class='ocrx_word' id='word_1_72' title='bbox 1134 1619 1254 1696; x_wconf 88' lang='lat' dir='ltr'><strong>dolosa,</strong></span> <span class='ocrx_word' id='word_1_73' title='bbox 1269 1621 1302 1681; x_wconf 91' lang='lat' dir='ltr'><strong>in</strong></span> 
     </span>
     <span class='ocr_line' id='line_1_11' title="bbox 354 1716 1305 1805; baseline -0.002 -20"><span class='ocrx_word' id='word_1_74' title='bbox 354 1722 448 1805; x_wconf 92' lang='lat' dir='ltr'><strong>cujus</strong></span> <span class='ocrx_word' id='word_1_75' title='bbox 462 1743 515 1784; x_wconf 90' lang='lat' dir='ltr'><strong>ore</strong></span> <span class='ocrx_word' id='word_1_76' title='bbox 536 1743 598 1784; x_wconf 91' lang='lat' dir='ltr'><strong>non</strong></span> <span class='ocrx_word' id='word_1_77' title='bbox 621 1733 670 1784; x_wconf 92' lang='lat' dir='ltr'><strong>est</strong></span> <span class='ocrx_word' id='word_1_78' title='bbox 688 1723 837 1784; x_wconf 87' lang='lat' dir='ltr'><strong>inventus</strong></span> <span class='ocrx_word' id='word_1_79' title='bbox 858 1716 974 1783; x_wconf 85' lang='lat' dir='ltr'><strong>dolus?</strong></span> <span class='ocrx_word' id='word_1_80' title='bbox 1010 1721 1175 1802; x_wconf 88' lang='lat' dir='ltr'><strong>Magister,</strong></span> <span class='ocrx_word' id='word_1_81' title='bbox 1190 1721 1305 1804; x_wconf 90' lang='lat' dir='ltr'><strong>inquit,</strong></span> 
     </span>
     <span class='ocr_line' id='line_1_12' title="bbox 353 1822 1306 1905; baseline -0.002 -19"><span class='ocrx_word' id='word_1_82' title='bbox 353 1826 473 1887; x_wconf 89' lang='lat' dir='ltr'><strong>scimus</strong></span> <span class='ocrx_word' id='word_1_83' title='bbox 492 1824 566 1905; x_wconf 89' lang='lat' dir='ltr'><strong>quia</strong></span> <span class='ocrx_word' id='word_1_84' title='bbox 580 1844 677 1885; x_wconf 83' lang='lat' dir='ltr'><strong>verax</strong></span> <span class='ocrx_word' id='word_1_85' title='bbox 699 1845 745 1900; x_wconf 92' lang='lat' dir='ltr'><strong>es,</strong></span> <span class='ocrx_word' id='word_1_86' title='bbox 760 1834 791 1886; x_wconf 89' lang='lat' dir='ltr'><strong>et</strong></span> <span class='ocrx_word' id='word_1_87' title='bbox 807 1823 889 1885; x_wconf 88' lang='lat' dir='ltr'><strong>viam</strong></span> <span class='ocrx_word' id='word_1_88' title='bbox 914 1823 978 1885; x_wconf 88' lang='lat' dir='ltr'><strong>Dei</strong></span> <span class='ocrx_word' id='word_1_89' title='bbox 1000 1823 1033 1884; x_wconf 94' lang='lat' dir='ltr'><strong>in</strong></span> <span class='ocrx_word' id='word_1_90' title='bbox 1049 1823 1180 1885; x_wconf 86' lang='lat' dir='ltr'><strong>veritate</strong></span> <span class='ocrx_word' id='word_1_91' title='bbox 1195 1822 1306 1896; x_wconf 88' lang='lat' dir='ltr'><strong>doces,</strong></span> 
     </span>
     <span class='ocr_line' id='line_1_13' title="bbox 353 1924 1304 2008; baseline -0.003 -20"><span class='ocrx_word' id='word_1_92' title='bbox 353 1936 386 1988; x_wconf 90' lang='lat' dir='ltr'><strong>et</strong></span> <span class='ocrx_word' id='word_1_93' title='bbox 407 1947 474 1989; x_wconf 90' lang='lat' dir='ltr'><strong>non</strong></span> <span class='ocrx_word' id='word_1_94' title='bbox 497 1927 625 1988; x_wconf 89' lang='lat' dir='ltr'><strong>esttibi</strong></span> <span class='ocrx_word' id='word_1_95' title='bbox 649 1947 725 1988; x_wconf 87' lang='lat' dir='ltr'><strong>cura</strong></span> <span class='ocrx_word' id='word_1_96' title='bbox 747 1924 787 1988; x_wconf 89' lang='lat' dir='ltr'><strong>de</strong></span> <span class='ocrx_word' id='word_1_97' title='bbox 811 1926 930 2008; x_wconf 89' lang='lat' dir='ltr'><strong>aliquo,</strong></span> <span class='ocrx_word' id='word_1_98' title='bbox 946 1946 1051 2008; x_wconf 91' lang='lat' dir='ltr'><strong>neque</strong></span> <span class='ocrx_word' id='word_1_99' title='bbox 1075 1925 1159 1987; x_wconf 91' lang='lat' dir='ltr'><strong>enim</strong></span> <span class='ocrx_word' id='word_1_100' title='bbox 1182 1924 1304 2007; x_wconf 89' lang='lat' dir='ltr'><strong>accipis</strong></span> 
     </span>
     <span class='ocr_line' id='line_1_14' title="bbox 353 2025 1304 2111; baseline -0.001 -22"><span class='ocrx_word' id='word_1_101' title='bbox 353 2049 508 2111; x_wconf 89' lang='lat' dir='ltr'><strong>personas</strong></span> <span class='ocrx_word' id='word_1_102' title='bbox 536 2028 711 2090; x_wconf 86' lang='lat' dir='ltr'><strong>hominum.</strong></span> <span class='ocrx_word' id='word_1_103' title='bbox 767 2027 853 2099; x_wconf 82' lang='lat' dir='ltr'><strong>Quid</strong></span> <span class='ocrx_word' id='word_1_104' title='bbox 888 2049 997 2109; x_wconf 86' lang='lat' dir='ltr'><strong>quaeso</strong></span> <span class='ocrx_word' id='word_1_105' title='bbox 1027 2025 1199 2090; x_wconf 87' lang='lat' dir='ltr'><strong>blandius?</strong></span> <span class='ocrx_word' id='word_1_106' title='bbox 1237 2025 1304 2090; x_wconf 87' lang='lat' dir='ltr'><strong>Sed</strong></span> 
     </span>
     <span class='ocr_line' id='line_1_15' title="bbox 355 2127 1304 2211; baseline -0.002 -21"><span class='ocrx_word' id='word_1_107' title='bbox 355 2127 449 2191; x_wconf 85' lang='lat' dir='ltr'><strong>dolus</strong></span> <span class='ocrx_word' id='word_1_108' title='bbox 464 2149 527 2210; x_wconf 93' lang='lat' dir='ltr'><strong>quo</strong></span> <span class='ocrx_word' id='word_1_109' title='bbox 547 2128 666 2204; x_wconf 91' lang='lat' dir='ltr'><strong>tendat,</strong></span> <span class='ocrx_word' id='word_1_110' title='bbox 681 2127 801 2190; x_wconf 86' lang='lat' dir='ltr'><strong>invidia</strong></span> <span class='ocrx_word' id='word_1_111' title='bbox 824 2149 888 2211; x_wconf 91' lang='lat' dir='ltr'><strong>quo</strong></span> <span class='ocrx_word' id='word_1_112' title='bbox 907 2129 1035 2207; x_wconf 83' lang='lat' dir='ltr'><strong>feratur,</strong></span> <span class='ocrx_word' id='word_1_113' title='bbox 1050 2127 1194 2211; x_wconf 87' lang='lat' dir='ltr'><strong>subjecta</strong></span> <span class='ocrx_word' id='word_1_114' title='bbox 1207 2128 1304 2190; x_wconf 90' lang='lat' dir='ltr'><strong>inter-</strong></span> 
     </span>
     <span class='ocr_line' id='line_1_16' title="bbox 354 2228 1302 2312; baseline 0.002 -22"><span class='ocrx_word' id='word_1_115' title='bbox 354 2230 476 2310; x_wconf 85' lang='lat' dir='ltr'><strong>rogatio</strong></span> <span class='ocrx_word' id='word_1_116' title='bbox 491 2230 651 2312; x_wconf 88' lang='lat' dir='ltr'><strong>patefecit.</strong></span> <span class='ocrx_word' id='word_1_117' title='bbox 689 2228 839 2311; x_wconf 84' lang='lat' dir='ltr'><strong>Sequitur</strong></span> <span class='ocrx_word' id='word_1_118' title='bbox 854 2231 953 2293; x_wconf 89' lang='lat' dir='ltr'><strong>enim:</strong></span> <span class='ocrx_word' id='word_1_119' title='bbox 973 2231 1064 2294; x_wconf 89' lang='lat' dir='ltr'><strong>Licet</strong></span> <span class='ocrx_word' id='word_1_120' title='bbox 1079 2251 1210 2293; x_wconf 92' lang='lat' dir='ltr'><strong>censum</strong></span> <span class='ocrx_word' id='word_1_121' title='bbox 1226 2229 1302 2292; x_wconf 88' lang='lat' dir='ltr'><strong>dare</strong></span> 
     </span>
     <span class='ocr_line' id='line_1_17' title="bbox 353 2327 1301 2414; baseline 0 -22"><span class='ocrx_word' id='word_1_122' title='bbox 353 2328 484 2402; x_wconf 82' lang='lat' dir='ltr'><strong>Caesari,</strong></span> <span class='ocrx_word' id='word_1_123' title='bbox 515 2350 555 2391; x_wconf 88' lang='lat' dir='ltr'><strong>an</strong></span> <span class='ocrx_word' id='word_1_124' title='bbox 586 2327 672 2392; x_wconf 85' lang='lat' dir='ltr'><strong>non?</strong></span> <span class='ocrx_word' id='word_1_125' title='bbox 717 2331 807 2392; x_wconf 89' lang='lat' dir='ltr'><strong>Ecce</strong></span> <span class='ocrx_word' id='word_1_126' title='bbox 838 2332 974 2413; x_wconf 89' lang='lat' dir='ltr'><strong>laqueus</strong></span> <span class='ocrx_word' id='word_1_127' title='bbox 1005 2345 1133 2414; x_wconf 89' lang='lat' dir='ltr'><strong>paratur</strong></span> <span class='ocrx_word' id='word_1_128' title='bbox 1162 2331 1301 2414; x_wconf 88' lang='lat' dir='ltr'><strong>pedibus</strong></span> 
     </span>
     <span class='ocr_line' id='line_1_18' title="bbox 353 2429 1302 2516; baseline 0.003 -25"><span class='ocrx_word' id='word_1_129' title='bbox 353 2429 546 2507; x_wconf 89' lang='lat' dir='ltr'><strong>innocentis,</strong></span> <span class='ocrx_word' id='word_1_130' title='bbox 568 2440 600 2492; x_wconf 94' lang='lat' dir='ltr'><strong>et</strong></span> <span class='ocrx_word' id='word_1_131' title='bbox 621 2430 663 2492; x_wconf 89' lang='lat' dir='ltr'><strong>ad</strong></span> <span class='ocrx_word' id='word_1_132' title='bbox 687 2431 924 2494; x_wconf 84' lang='lat' dir='ltr'><strong>subversionem</strong></span> <span class='ocrx_word' id='word_1_133' title='bbox 950 2432 1019 2516; x_wconf 90' lang='lat' dir='ltr'><strong>ejus</strong></span> <span class='ocrx_word' id='word_1_134' title='bbox 1041 2432 1206 2515; x_wconf 86' lang='lat' dir='ltr'><strong>decipulas</strong></span> <span class='ocrx_word' id='word_1_135' title='bbox 1228 2453 1302 2495; x_wconf 86' lang='lat' dir='ltr'><strong>suas</strong></span> 
     </span>
     <span class='ocr_line' id='line_1_19' title="bbox 352 2528 1301 2612; baseline 0.005 -22"><span class='ocrx_word' id='word_1_136' title='bbox 352 2528 468 2592; x_wconf 83' lang='lat' dir='ltr'><strong>frustra</strong></span> <span class='ocrx_word' id='word_1_137' title='bbox 482 2529 617 2592; x_wconf 85' lang='lat' dir='ltr'><strong>tetendit</strong></span> <span class='ocrx_word' id='word_1_138' title='bbox 639 2530 800 2612; x_wconf 88' lang='lat' dir='ltr'><strong>iniquitas.</strong></span> <span class='ocrx_word' id='word_1_139' title='bbox 846 2531 881 2593; x_wconf 87' lang='lat' dir='ltr'><strong>Si</strong></span> <span class='ocrx_word' id='word_1_140' title='bbox 902 2532 986 2593; x_wconf 92' lang='lat' dir='ltr'><strong>enim</strong></span> <span class='ocrx_word' id='word_1_141' title='bbox 1007 2552 1138 2593; x_wconf 89' lang='lat' dir='ltr'><strong>censum</strong></span> <span class='ocrx_word' id='word_1_142' title='bbox 1158 2530 1301 2595; x_wconf 92' lang='lat' dir='ltr'><strong>dandum</strong></span> 
     </span>
     <span class='ocr_line' id='line_1_20' title="bbox 351 2629 1303 2711; baseline -0.002 -20"><span class='ocrx_word' id='word_1_143' title='bbox 351 2650 423 2691; x_wconf 89' lang='lat' dir='ltr'><strong>esse</strong></span> <span class='ocrx_word' id='word_1_144' title='bbox 445 2631 615 2707; x_wconf 86' lang='lat' dir='ltr'><strong>censuerit,</strong></span> <span class='ocrx_word' id='word_1_145' title='bbox 637 2630 830 2711; x_wconf 87' lang='lat' dir='ltr'><strong>peculiarem</strong></span> <span class='ocrx_word' id='word_1_146' title='bbox 850 2631 1005 2711; x_wconf 91' lang='lat' dir='ltr'><strong>populum</strong></span> <span class='ocrx_word' id='word_1_147' title='bbox 1029 2629 1172 2706; x_wconf 90' lang='lat' dir='ltr'><strong>Domini,</strong></span> <span class='ocrx_word' id='word_1_148' title='bbox 1193 2649 1303 2691; x_wconf 90' lang='lat' dir='ltr'><strong>semen</strong></span> 
     </span>
     <span class='ocr_line' id='line_1_21' title="bbox 350 2729 1303 2813; baseline 0.001 -22"><span class='ocrx_word' id='word_1_149' title='bbox 350 2731 499 2807; x_wconf 91' lang='lat' dir='ltr'><strong>liberum,</strong></span> <span class='ocrx_word' id='word_1_150' title='bbox 514 2732 696 2813; x_wconf 88' lang='lat' dir='ltr'><strong>praeclaram</strong></span> <span class='ocrx_word' id='word_1_151' title='bbox 718 2731 938 2793; x_wconf 89' lang='lat' dir='ltr'><strong>haereditatem</strong></span> <span class='ocrx_word' id='word_1_152' title='bbox 955 2731 1096 2804; x_wconf 91' lang='lat' dir='ltr'><strong>Domini,</strong></span> <span class='ocrx_word' id='word_1_153' title='bbox 1113 2729 1246 2791; x_wconf 90' lang='lat' dir='ltr'><strong>decimis</strong></span> <span class='ocrx_word' id='word_1_154' title='bbox 1271 2741 1303 2792; x_wconf 88' lang='lat' dir='ltr'><strong>et</strong></span> 
     </span>
     <span class='ocr_line' id='line_1_22' title="bbox 350 2831 1300 2914; baseline -0.001 -21"><span class='ocrx_word' id='word_1_155' title='bbox 350 2831 512 2914; x_wconf 92' lang='lat' dir='ltr'><strong>primitiis,</strong></span> <span class='ocrx_word' id='word_1_156' title='bbox 531 2842 562 2894; x_wconf 94' lang='lat' dir='ltr'><strong>et</strong></span> <span class='ocrx_word' id='word_1_157' title='bbox 583 2833 742 2912; x_wconf 87' lang='lat' dir='ltr'><strong>legalibus</strong></span> <span class='ocrx_word' id='word_1_158' title='bbox 758 2831 946 2893; x_wconf 91' lang='lat' dir='ltr'><strong>ceremoniis</strong></span> <span class='ocrx_word' id='word_1_159' title='bbox 969 2840 1091 2894; x_wconf 89' lang='lat' dir='ltr'><strong>tantum</strong></span> <span class='ocrx_word' id='word_1_160' title='bbox 1114 2831 1300 2907; x_wconf 84' lang='lat' dir='ltr'><strong>obnoxiam,</strong></span> 
     </span>
     <span class='ocr_line' id='line_1_23' title="bbox 350 2931 1302 3015; baseline -0.001 -22"><span class='ocrx_word' id='word_1_161' title='bbox 350 2931 500 3015; x_wconf 86' lang='lat' dir='ltr'><strong>subjiciet</strong></span> <span class='ocrx_word' id='word_1_162' title='bbox 522 2931 671 2994; x_wconf 88' lang='lat' dir='ltr'><strong>servituti.</strong></span> <span class='ocrx_word' id='word_1_163' title='bbox 718 2931 754 2992; x_wconf 90' lang='lat' dir='ltr'><strong>Si</strong></span> <span class='ocrx_word' id='word_1_164' title='bbox 769 2951 840 2992; x_wconf 89' lang='lat' dir='ltr'><strong>vero</strong></span> <span class='ocrx_word' id='word_1_165' title='bbox 863 2931 982 2993; x_wconf 87' lang='lat' dir='ltr'><strong>tributa</strong></span> <span class='ocrx_word' id='word_1_166' title='bbox 1003 2931 1151 3012; x_wconf 83' lang='lat' dir='ltr'><strong>neganda</strong></span> <span class='ocrx_word' id='word_1_167' title='bbox 1173 2952 1302 3013; x_wconf 89' lang='lat' dir='ltr'><strong>respon-</strong></span> 
     </span>
     <span class='ocr_line' id='line_1_24' title="bbox 350 3031 1301 3114; baseline -0.002 -19"><span class='ocrx_word' id='word_1_168' title='bbox 350 3032 436 3096; x_wconf 90' lang='lat' dir='ltr'><strong>derit</strong></span> <span class='ocrx_word' id='word_1_169' title='bbox 450 3033 510 3107; x_wconf 87' lang='lat' dir='ltr'><strong>his,</strong></span> <span class='ocrx_word' id='word_1_170' title='bbox 522 3031 579 3114; x_wconf 90' lang='lat' dir='ltr'><strong>qui</strong></span> <span class='ocrx_word' id='word_1_171' title='bbox 595 3052 652 3112; x_wconf 90' lang='lat' dir='ltr'><strong>pro</strong></span> <span class='ocrx_word' id='word_1_172' title='bbox 668 3032 769 3092; x_wconf 86' lang='lat' dir='ltr'><strong>salute</strong></span> <span class='ocrx_word' id='word_1_173' title='bbox 785 3039 817 3092; x_wconf 92' lang='lat' dir='ltr'><strong>et</strong></span> <span class='ocrx_word' id='word_1_174' title='bbox 832 3031 938 3114; x_wconf 90' lang='lat' dir='ltr'><strong>quiete</strong></span> <span class='ocrx_word' id='word_1_175' title='bbox 954 3032 1097 3093; x_wconf 93' lang='lat' dir='ltr'><strong>omnium</strong></span> <span class='ocrx_word' id='word_1_176' title='bbox 1111 3032 1301 3107; x_wconf 87' lang='lat' dir='ltr'><strong>militabant,</strong></span> 
     </span>
     <span class='ocr_line' id='line_1_25' title="bbox 349 3130 1303 3218; baseline 0 -22"><span class='ocrx_word' id='word_1_177' title='bbox 349 3134 441 3218; x_wconf 87' lang='lat' dir='ltr'><strong>quasi</strong></span> <span class='ocrx_word' id='word_1_178' title='bbox 458 3130 623 3193; x_wconf 89' lang='lat' dir='ltr'><strong>seditionis</strong></span> <span class='ocrx_word' id='word_1_179' title='bbox 639 3143 758 3208; x_wconf 89' lang='lat' dir='ltr'><strong>auctor,</strong></span> <span class='ocrx_word' id='word_1_180' title='bbox 767 3143 799 3193; x_wconf 87' lang='lat' dir='ltr'><strong>ct</strong></span> <span class='ocrx_word' id='word_1_181' title='bbox 810 3152 881 3193; x_wconf 89' lang='lat' dir='ltr'><strong>reus</strong></span> <span class='ocrx_word' id='word_1_182' title='bbox 893 3132 1101 3214; x_wconf 73' lang='lat' dir='ltr'><strong>imperatoriae</strong></span> <span class='ocrx_word' id='word_1_183' title='bbox 1116 3131 1303 3215; x_wconf 88' lang='lat' dir='ltr'><strong>majestatis,</strong></span> 
     </span>
     <span class='ocr_line' id='line_1_26' title="bbox 348 3232 1301 3320; baseline 0 -21"><span class='ocrx_word' id='word_1_184' title='bbox 348 3257 368 3299; x_wconf 89' lang='lat' dir='ltr'><strong>a</strong></span> <span class='ocrx_word' id='word_1_185' title='bbox 381 3233 567 3320; x_wconf 87' lang='lat' dir='ltr'><strong>publicanis</strong></span> <span class='ocrx_word' id='word_1_186' title='bbox 577 3232 666 3314; x_wconf 87' lang='lat' dir='ltr'><strong>juste</strong></span> <span class='ocrx_word' id='word_1_187' title='bbox 679 3232 793 3313; x_wconf 90' lang='lat' dir='ltr'><strong>poterit</strong></span> <span class='ocrx_word' id='word_1_188' title='bbox 808 3233 1046 3313; x_wconf 90' lang='lat' dir='ltr'><strong>comprehendi.</strong></span> <span class='ocrx_word' id='word_1_189' title='bbox 1091 3237 1209 3297; x_wconf 89' lang='lat' dir='ltr'><strong>Verum</strong></span> <span class='ocrx_word' id='word_1_190' title='bbox 1226 3238 1301 3318; x_wconf 82' lang='lat' dir='ltr'><strong>quia</strong></span> 
     </span>
     <span class='ocr_line' id='line_1_27' title="bbox 347 3332 1301 3417; baseline 0.005 -21"><span class='ocrx_word' id='word_1_191' title='bbox 347 3335 464 3399; x_wconf 84' lang='lat' dir='ltr'><strong>frustra</strong></span> <span class='ocrx_word' id='word_1_192' title='bbox 488 3332 608 3416; x_wconf 86' lang='lat' dir='ltr'><strong>jacitur</strong></span> <span class='ocrx_word' id='word_1_193' title='bbox 633 3343 698 3394; x_wconf 91' lang='lat' dir='ltr'><strong>rete</strong></span> <span class='ocrx_word' id='word_1_194' title='bbox 725 3343 798 3395; x_wconf 89' lang='lat' dir='ltr'><strong>ante</strong></span> <span class='ocrx_word' id='word_1_195' title='bbox 823 3335 934 3396; x_wconf 91' lang='lat' dir='ltr'><strong>oculos</strong></span> <span class='ocrx_word' id='word_1_196' title='bbox 963 3344 1183 3417; x_wconf 89' lang='lat' dir='ltr'><strong>pennatorum,</strong></span> <span class='ocrx_word' id='word_1_197' title='bbox 1205 3338 1301 3401; x_wconf 88' lang='lat' dir='ltr'><strong>totius</strong></span> 
     </span>
     <span class='ocr_line' id='line_1_28' title="bbox 348 3432 1300 3516; baseline 0.002 -17"><span class='ocrx_word' id='word_1_198' title='bbox 348 3435 517 3499; x_wconf 85' lang='lat' dir='ltr'><strong>calumniae</strong></span> <span class='ocrx_word' id='word_1_199' title='bbox 531 3432 638 3516; x_wconf 90' lang='lat' dir='ltr'><strong>laquei</strong></span> <span class='ocrx_word' id='word_1_200' title='bbox 649 3432 877 3509; x_wconf 90' lang='lat' dir='ltr'><strong>dissolvuntur,</strong></span> <span class='ocrx_word' id='word_1_201' title='bbox 887 3432 960 3495; x_wconf 92' lang='lat' dir='ltr'><strong>dum</strong></span> <span class='ocrx_word' id='word_1_202' title='bbox 974 3435 1096 3516; x_wconf 89' lang='lat' dir='ltr'><strong>prolato</strong></span> <span class='ocrx_word' id='word_1_203' title='bbox 1111 3437 1300 3501; x_wconf 87' lang='lat' dir='ltr'><strong>numismate</strong></span> 
     </span>
     <span class='ocr_line' id='line_1_29' title="bbox 351 3533 1302 3620; baseline 0.003 -22"><span class='ocrx_word' id='word_1_204' title='bbox 351 3556 480 3612; x_wconf 89' lang='lat' dir='ltr'><strong>census,</strong></span> <span class='ocrx_word' id='word_1_205' title='bbox 493 3555 581 3596; x_wconf 89' lang='lat' dir='ltr'><strong>suam</strong></span> <span class='ocrx_word' id='word_1_206' title='bbox 599 3533 714 3616; x_wconf 89' lang='lat' dir='ltr'><strong>cuique</strong></span> <span class='ocrx_word' id='word_1_207' title='bbox 731 3533 856 3596; x_wconf 88' lang='lat' dir='ltr'><strong>censuit</strong></span> <span class='ocrx_word' id='word_1_208' title='bbox 864 3533 1092 3596; x_wconf 88' lang='lat' dir='ltr'><strong>restituendam</strong></span> <span class='ocrx_word' id='word_1_209' title='bbox 1108 3557 1176 3599; x_wconf 90' lang='lat' dir='ltr'><strong>esse</strong></span> <span class='ocrx_word' id='word_1_210' title='bbox 1192 3537 1302 3620; x_wconf 87' lang='lat' dir='ltr'><strong>imagi-</strong></span> 
     </span>
     <span class='ocr_line' id='line_1_30' title="bbox 348 3635 1300 3718; baseline 0.005 -20"><span class='ocrx_word' id='word_1_211' title='bbox 348 3659 442 3711; x_wconf 84' lang='lat' dir='ltr'><strong>nem3</strong></span> <span class='ocrx_word' id='word_1_212' title='bbox 470 3637 566 3698; x_wconf 89' lang='lat' dir='ltr'><strong>etita</strong></span> <span class='ocrx_word' id='word_1_213' title='bbox 589 3656 662 3717; x_wconf 88' lang='lat' dir='ltr'><strong>quae</strong></span> <span class='ocrx_word' id='word_1_214' title='bbox 685 3635 821 3698; x_wconf 83' lang='lat' dir='ltr'><strong>Caesaris</strong></span> <span class='ocrx_word' id='word_1_215' title='bbox 844 3646 928 3708; x_wconf 91' lang='lat' dir='ltr'><strong>sunt,</strong></span> <span class='ocrx_word' id='word_1_216' title='bbox 951 3635 1071 3698; x_wconf 87' lang='lat' dir='ltr'><strong>Caesari</strong></span> <span class='ocrx_word' id='word_1_217' title='bbox 1095 3638 1300 3718; x_wconf 87' lang='lat' dir='ltr'><strong>restituenda,</strong></span> 
     </span>
     <span class='ocr_line' id='line_1_31' title="bbox 345 3735 1298 3820; baseline 0.003 -20"><span class='ocrx_word' id='word_1_218' title='bbox 345 3751 383 3800; x_wconf 91' lang='lat' dir='ltr'><strong>ut</strong></span> <span class='ocrx_word' id='word_1_219' title='bbox 409 3758 468 3798; x_wconf 90' lang='lat' dir='ltr'><strong>suo</strong></span> <span class='ocrx_word' id='word_1_220' title='bbox 487 3735 559 3818; x_wconf 86' lang='lat' dir='ltr'><strong>jure</strong></span> <span class='ocrx_word' id='word_1_221' title='bbox 584 3737 673 3797; x_wconf 89' lang='lat' dir='ltr'><strong>Deus</strong></span> <span class='ocrx_word' id='word_1_222' title='bbox 698 3757 762 3797; x_wconf 90' lang='lat' dir='ltr'><strong>non</strong></span> <span class='ocrx_word' id='word_1_223' title='bbox 790 3735 1003 3798; x_wconf 85' lang='lat' dir='ltr'><strong>defraudetur.</strong></span> <span class='ocrx_word' id='word_1_224' title='bbox 1047 3737 1208 3820; x_wconf 89' lang='lat' dir='ltr'><strong>Equidem</strong></span> <span class='ocrx_word' id='word_1_225' title='bbox 1232 3762 1298 3803; x_wconf 92' lang='lat' dir='ltr'><strong>non</strong></span> 
     </span>
     <span class='ocr_line' id='line_1_32' title="bbox 346 3836 1298 3921; baseline 0.006 -22"><span class='ocrx_word' id='word_1_226' title='bbox 346 3838 497 3900; x_wconf 90' lang='lat' dir='ltr'><strong>omnibus</strong></span> <span class='ocrx_word' id='word_1_227' title='bbox 513 3836 620 3900; x_wconf 91' lang='lat' dir='ltr'><strong>datum</strong></span> <span class='ocrx_word' id='word_1_228' title='bbox 641 3847 700 3910; x_wconf 88' lang='lat' dir='ltr'><strong>est,</strong></span> <span class='ocrx_word' id='word_1_229' title='bbox 716 3847 751 3898; x_wconf 91' lang='lat' dir='ltr'><strong>ut</strong></span> <span class='ocrx_word' id='word_1_230' title='bbox 770 3836 995 3900; x_wconf 87' lang='lat' dir='ltr'><strong>blanditiarum</strong></span> <span class='ocrx_word' id='word_1_231' title='bbox 1016 3838 1148 3921; x_wconf 90' lang='lat' dir='ltr'><strong>laqueos</strong></span> <span class='ocrx_word' id='word_1_232' title='bbox 1163 3841 1209 3905; x_wconf 88' lang='lat' dir='ltr'><strong>sic</strong></span> <span class='ocrx_word' id='word_1_233' title='bbox 1225 3864 1298 3905; x_wconf 85' lang='lat' dir='ltr'><strong>eva·</strong></span> 
     </span>
     <span class='ocr_line' id='line_1_33' title="bbox 347 3936 1299 4025; baseline 0.006 -26"><span class='ocrx_word' id='word_1_234' title='bbox 347 3938 438 4014; x_wconf 90' lang='lat' dir='ltr'><strong>dant,</strong></span> <span class='ocrx_word' id='word_1_235' title='bbox 454 3958 552 4020; x_wconf 93' lang='lat' dir='ltr'><strong>quum</strong></span> <span class='ocrx_word' id='word_1_236' title='bbox 567 3957 621 3998; x_wconf 92' lang='lat' dir='ltr'><strong>eos</strong></span> <span class='ocrx_word' id='word_1_237' title='bbox 637 3936 718 3998; x_wconf 90' lang='lat' dir='ltr'><strong>alius</strong></span> <span class='ocrx_word' id='word_1_238' title='bbox 733 3957 797 3998; x_wconf 92' lang='lat' dir='ltr'><strong>non</strong></span> <span class='ocrx_word' id='word_1_239' title='bbox 813 3937 996 4019; x_wconf 86' lang='lat' dir='ltr'><strong>praevideat,</strong></span> <span class='ocrx_word' id='word_1_240' title='bbox 1010 3939 1092 4002; x_wconf 89' lang='lat' dir='ltr'><strong>alius</strong></span> <span class='ocrx_word' id='word_1_241' title='bbox 1107 3943 1203 4004; x_wconf 88' lang='lat' dir='ltr'><strong>etiam</strong></span> <span class='ocrx_word' id='word_1_242' title='bbox 1218 3964 1299 4025; x_wconf 71' lang='lat' dir='ltr'><strong>prae«</strong></span> 
     </span>
     <span class='ocr_line' id='line_1_34' title="bbox 347 4035 1301 4120; baseline 0.003 -22"><span class='ocrx_word' id='word_1_243' title='bbox 347 4038 437 4101; x_wconf 88' lang='lat' dir='ltr'><strong>visos</strong></span> <span class='ocrx_word' id='word_1_244' title='bbox 459 4048 596 4120; x_wconf 89' lang='lat' dir='ltr'><strong>nequeat</strong></span> <span class='ocrx_word' id='word_1_245' title='bbox 620 4035 791 4102; x_wconf 87' lang='lat' dir='ltr'><strong>declinare.</strong></span> <span class='ocrx_word' id='word_1_246' title='bbox 839 4039 946 4120; x_wconf 86' lang='lat' dir='ltr'><strong>Unum</strong></span> <span class='ocrx_word' id='word_1_247' title='bbox 970 4051 1075 4103; x_wconf 86' lang='lat' dir='ltr'><strong>tamen</strong></span> <span class='ocrx_word' id='word_1_248' title='bbox 1100 4054 1219 4104; x_wconf 87' lang='lat' dir='ltr'><strong>certum</strong></span> <span class='ocrx_word' id='word_1_249' title='bbox 1244 4055 1301 4116; x_wconf 87' lang='lat' dir='ltr'><strong>est,</strong></span> 
     </span>
     <span class='ocr_line' id='line_1_35' title="bbox 347 4137 1298 4221; baseline -0.003 -19"><span class='ocrx_word' id='word_1_250' title='bbox 347 4139 424 4215; x_wconf 84' lang='lat' dir='ltr'><strong>illis,</strong></span> <span class='ocrx_word' id='word_1_251' title='bbox 448 4139 503 4219; x_wconf 94' lang='lat' dir='ltr'><strong>qui</strong></span> <span class='ocrx_word' id='word_1_252' title='bbox 525 4138 599 4200; x_wconf 89' lang='lat' dir='ltr'><strong>huic</strong></span> <span class='ocrx_word' id='word_1_253' title='bbox 624 4137 699 4199; x_wconf 91' lang='lat' dir='ltr'><strong>vitio</strong></span> <span class='ocrx_word' id='word_1_254' title='bbox 722 4137 823 4201; x_wconf 90' lang='lat' dir='ltr'><strong>dediti</strong></span> <span class='ocrx_word' id='word_1_255' title='bbox 847 4151 931 4218; x_wconf 91' lang='lat' dir='ltr'><strong>sunt,</strong></span> <span class='ocrx_word' id='word_1_256' title='bbox 956 4163 1020 4204; x_wconf 91' lang='lat' dir='ltr'><strong>non</strong></span> <span class='ocrx_word' id='word_1_257' title='bbox 1047 4143 1147 4221; x_wconf 80' lang='lat' dir='ltr'><strong>magis</strong></span> <span class='ocrx_word' id='word_1_258' title='bbox 1170 4143 1298 4220; x_wconf 90' lang='lat' dir='ltr'><strong>placere</strong></span> 
     </span>
     <span class='ocr_line' id='line_1_36' title="bbox 346 4236 1300 4319; baseline 0.002 -20"><span class='ocrx_word' id='word_1_259' title='bbox 346 4237 507 4309; x_wconf 88' lang='lat' dir='ltr'><strong>virtutem,</strong></span> <span class='ocrx_word' id='word_1_260' title='bbox 520 4257 617 4319; x_wconf 90' lang='lat' dir='ltr'><strong>qnam</strong></span> <span class='ocrx_word' id='word_1_261' title='bbox 628 4236 798 4300; x_wconf 78' lang='lat' dir='ltr'><strong>illos&#39;bene</strong></span> <span class='ocrx_word' id='word_1_262' title='bbox 810 4238 905 4315; x_wconf 89' lang='lat' dir='ltr'><strong>olere,</strong></span> <span class='ocrx_word' id='word_1_263' title='bbox 917 4240 972 4319; x_wconf 91' lang='lat' dir='ltr'><strong>qui</strong></span> <span class='ocrx_word' id='word_1_264' title='bbox 985 4240 1018 4301; x_wconf 92' lang='lat' dir='ltr'><strong>in</strong></span> <span class='ocrx_word' id='word_1_265' title='bbox 1029 4239 1137 4301; x_wconf 89' lang='lat' dir='ltr'><strong>culina</strong></span> <span class='ocrx_word' id='word_1_266' title='bbox 1147 4237 1300 4301; x_wconf 84' lang='lat' dir='ltr'><strong>habitant.</strong></span> 
     </span>
     <span class='ocr_line' id='line_1_37' title="bbox 396 4353 848 4399; baseline -0.007 0"><span class='ocrx_word' id='word_1_267' title='bbox 396 4353 469 4399; x_wconf 78' lang='lat' dir='ltr'><strong>von.</strong></span> <span class='ocrx_word' id='word_1_268' title='bbox 486 4355 536 4398; x_wconf 87' lang='lat'>111.</span> <span class='ocrx_word' id='word_1_269' title='bbox 828 4354 848 4396; x_wconf 96' lang='lat'>0</span> 
     </span>
    </p>
   </div>
   <div class='ocr_carea' id='block_1_3' title="bbox 0 0 1660 5309">
    <p class='ocr_par' dir='ltr' id='par_1_3' title="bbox 0 0 1660 5309">
     <span class='ocr_line' id='line_1_38' title="bbox 0 0 1660 5309; baseline 0 3"><span class='ocrx_word' id='word_1_270' title='bbox 0 0 1660 5309; x_wconf 95' lang='lat' dir='ltr'><strong> </strong></span> 
     </span>
    </p>
   </div>
  </div>
 </body>
</html>
