3309 5309
479 648 522 707 58
742 659 1172 705 Joann1ssnnusnamnus1s
1313 640 1396 719 [mn.
1412 659 1432 703 1.

478 835 562 891 nem,
579 812 657 878 sicut
674 834 762 877 mens
781 810 843 875 sibi
864 810 989 875 conscia
1011 809 1199 896 iniquitatis,
1215 820 1247 873 et
1269 831 1345 895 quae
1368 832 1432 875 sce·

478 914 578 979 lerum
590 935 720 979 suorum
733 935 873 1000 poenam,
882 912 922 977 ad
933 912 1059 997 singula
1067 908 1157 977 timet
1168 913 1309 998 exposci.
1336 911 1431 977 Unde

476 1016 602 1081 ethicus
616 1015 656 1079 de
672 1014 860 1091 criminosis,

548 1124 587 1177 Hi
602 1130 662 1177 sunt
673 1124 717 1192 qui
729 1122 871 1193 trepidant,
883 1128 910 1173 et
921 1122 956 1174 ad
968 1122 1054 1174 omnia
1065 1120 1171 1190 fulgura
1182 1121 1291 1193 pallent.

475 1225 505 1286 E
522 1232 633 1283 contra
650 1219 760 1304 justus
775 1215 907 1281 confidit
930 1228 967 1282 nt
988 1217 1047 1281 leo.
1092 1218 1139 1283 Et
1154 1216 1246 1294 illud,
1264 1217 1339 1282 Non
1359 1242 1430 1283 con-

474 1320 617 1387 tristabit
625 1320 763 1406 justum,
778 1316 934 1405 quicquid
949 1318 978 1381 ei
994 1318 1153 1383 acciderit.
1201 1320 1325 1405 Fulgor
1343 1321 1430 1406 equi-

475 1425 546 1489 dem
563 1422 675 1509 igneus
689 1420 714 1485 si
731 1420 853 1485 urendo
867 1442 931 1484 non
947 1433 1069 1498 noceat,
1085 1421 1279 1487 celebritatis
1296 1422 1428 1507 gloriam

474 1524 575 1588 affert.
631 1522 745 1606 Neque
775 1519 850 1605 quia
876 1541 939 1582 non
966 1517 1041 1595 urit,
1069 1519 1180 1604 igneus
1206 1542 1269 1583 non
1298 1534 1369 1594 est3
1404 1520 1430 1584 si

473 1624 626 1689 tamenin
642 1623 702 1688 hoc
720 1622 813 1687 Plato
828 1621 992 1707 recipitur.
1039 1624 1123 1687 Duae
1140 1635 1224 1697 sunt,
1238 1623 1347 1708 inquit
1362 1622 1426 1700 ille,

473 1741 510 1794 ut
522 1727 645 1812 opinor,
658 1729 794 1791 virtutes
805 1724 907 1809 ignis:
932 1723 1042 1788 Altera
1053 1723 1134 1788 edax
1147 1738 1178 1788 et
1193 1727 1427 1812 peremptoria;

472 1830 572 1896 altera
586 1827 757 1893 mulcebris
772 1837 803 1890 et
818 1825 946 1889 innoxio
970 1825 1101 1890 lumine.
1146 1826 1358 1891 Posteriorem
1381 1850 1428 1891 as-

472 1932 548 1997 serit
569 1928 777 2016 operatricem
793 1927 892 2003 visus,
908 1940 940 1992 et
962 1931 993 1991 in
1016 1928 1230 2014 superioribus
1246 1928 1309 1991 vim
1336 1951 1426 1992 suam

472 2032 610 2096 maxime
625 2051 779 2093 exercere.
826 2029 1001 2092 Ascanium
1016 2030 1123 2095 fatalis
1138 2029 1224 2094 exilii
1238 2053 1313 2094 cum
1334 2042 1425 2116 patre

471 2132 653 2198 discrimina
675 2128 875 2210 subeuntem,
890 2130 973 2214 ignis
996 2131 1036 2194 de
1058 2131 1140 2198 coelo
1159 2132 1250 2217 quasi
1276 2154 1424 2197 succenso

470 2233 572 2320 capite
597 2230 780 2311 illustravit,
809 2232 1021 2317 pronuncians
1046 2234 1075 2298 ei
1104 2235 1213 2299 deberi
1238 2232 1424 2299 felicitatem

469 2335 568 2415 exilii,
581 2334 752 2420 ipsumque
766 2333 913 2398 futurum
930 2335 962 2399 in
983 2350 1110 2423 gentem
1126 2360 1283 2424 magnam.
1329 2336 1424 2402 Alex·

469 2437 562 2503 andri
601 2434 786 2501 Macedonis
815 2448 847 2500 et
878 2440 1046 2503 Octaviani
1077 2439 1232 2523 Augusti,
1263 2438 1324 2503 sub
1353 2438 1424 2524 ipso

467 2562 577 2604 eorum
607 2551 681 2602 ortu
711 2537 838 2603 claritas
867 2539 951 2624 ignis
984 2540 1138 2606 miraculo
1176 2541 1336 2607 declarata
1364 2552 1422 2604 est.

468 2640 735 2719 Proficiscentem,
758 2641 993 2729 expeditionem
1020 2643 1097 2708 dum
1121 2643 1294 2729 egreditur,
1318 2664 1423 2729 prose-

466 2768 568 2831 quens
579 2756 694 2809 ventus
709 2766 910 2809 successuum
924 2769 980 2832 spe
992 2746 1153 2823 fortunat3
1176 2746 1255 2810 dum
1270 2745 1303 2809 in
1315 2744 1421 2810 hostes

467 2846 584 2911 vexilla
606 2845 766 2924 feruntur,
791 2848 873 2912 aeris
898 2848 1078 2913 testimonio
1102 2848 1221 2913 vexilla
1244 2846 1421 2934 triumpha-

465 2950 557 3015 bunt.
605 2947 638 3011 Si
654 2970 729 3011 vero
744 2948 855 3033 patriae
871 2948 1046 3027 imminent,
1066 2949 1278 3037 justissimum
1298 2960 1419 3013 metum

465 3050 638 3115 incutiunt.
682 3051 783 3114 Terra
806 3072 936 3135 qnoque
960 3050 1029 3137 ipsa
1053 3054 1279 3136 mysteriorum
1296 3048 1420 3114 conscia

465 3165 524 3229 est,
549 3150 604 3216 sed
631 3150 740 3235 gravia
766 3151 873 3216 omina
898 3152 1099 3237 frequentius
1124 3165 1241 3239 portat,
1266 3176 1304 3216 eo
1330 3150 1417 3238 quod

464 3253 601 3317 fundata
627 3273 724 3336 super
749 3250 954 3316 stabilitatem
981 3274 1083 3328 suam,
1106 3251 1229 3317 mavult
1255 3254 1418 3336 quiescere

464 3376 561 3440 quam
592 3351 722 3417 moveri.
783 3353 890 3429 Quum
914 3376 991 3439 ergo
1014 3358 1159 3440 mugitus
1181 3356 1251 3441 ejus
1273 3352 1418 3432 auditur,

464 3455 579 3519 amaris
593 3450 760 3516 eventibus
780 3453 939 3532 condolet,
954 3466 986 3519 et
1010 3480 1076 3541 quo
1100 3455 1216 3521 affectu
1243 3454 1308 3519 suis
1332 3476 1417 3517 com·

464 3554 606 3642 patiatur
638 3550 786 3627 alumnis,
816 3554 902 3618 vocis
942 3579 1009 3620 suae
1042 3558 1172 3625 tristitia
1210 3566 1416 3645 protestatur.

461 3657 585 3740 Magna
599 3651 757 3739 siquidem
773 3667 804 3718 et
821 3655 874 3740 pia
896 3678 1010 3741 parens
1024 3660 1166 3724 omnium
1190 3672 1247 3726 est.
1294 3659 1415 3726 Studu-

462 3768 530 3822 erat
544 3756 614 3819 haec
628 3753 669 3818 ab
684 3754 834 3841 amplexu
855 3757 990 3844 hospitis
1004 3784 1110 3825 arcere
1135 3762 1345 3842 Phoenissam,
1360 3761 1416 3826 sed

462 3856 539 3944 quia
567 3855 764 3921 conciliatrix
795 3859 924 3947 hospitii
955 3863 1062 3926 Venus
1092 3864 1159 3949 jam
1190 3863 1414 3949 praevaluerat,

462 3969 548 4024 tacta
576 3956 685 4022 dolore
710 3960 815 4024 cordis
840 3961 1030 4028 intrinsecus
1054 3965 1182 4051 mugiit,
1208 3965 1361 4052 quoniam
1386 3964 1414 4027 ei

461 4059 605 4148 mugitus
624 4082 683 4145 pro
705 4062 827 4146 gemitu
851 4073 907 4127 est.
953 4069 1034 4130 Hoec
1048 4067 1158 4132 eadem
1183 4066 1329 4153 quotiens
1353 4080 1415 4131 tre·

460 4165 532 4245 mit,
545 4162 620 4228 filiis
633 4161 699 4226 suis
714 4163 868 4249 praevidet
884 4165 1006 4253 aliquid
1022 4169 1240 4246 metuendum,
1256 4167 1316 4233 nisi
1331 4168 1415 4233 forte

461 4265 667 4353 parturiendo
692 4265 824 4330 laboret.
880 4268 972 4334 Tunc
999 4294 1073 4335 vero
1100 4271 1149 4335 vel
1176 4271 1304 4335 omnino
1333 4270 1412 4334 facit
