3309 5309
344 603 407 662 319
600 617 737 662 roaunrs
756 617 1035 663 sannsnnruensrs
1168 603 1251 676 [un.
1267 619 1299 662 v.

349 771 508 847 amicitia,
543 771 643 834 amico
677 770 836 835 interdum
876 771 1037 834 dilationis
1061 772 1193 852 gratiam
1217 771 1301 833 facit.

350 873 425 934 Hoc
452 883 557 934 tamen
584 874 689 954 ipsum
715 893 796 951 raro,
821 884 854 935 et
875 894 938 934 non
964 873 1025 935 nisi
1041 894 1140 936 causa
1164 874 1301 953 cognita.

352 974 449 1035 Porro
475 973 551 1035 dum
576 995 674 1037 causa
697 995 818 1056 anceps
843 986 903 1050 est,
928 972 1039 1036 dilatio
1067 976 1254 1057 protelatur,
1276 974 1303 1034 si

353 1095 416 1137 uon
444 1076 668 1153 contentionis,
694 1077 806 1138 saltem
835 1075 1015 1138 decisionis.
1073 1078 1159 1138 Nam
1180 1075 1305 1159 judicia

351 1161 512 1247 festinata,
547 1177 767 1258 poenitentiam
800 1177 940 1259 pariunt.
997 1177 1094 1240 Unde
1123 1188 1157 1239 et
1190 1176 1306 1251 Graeci,

357 1297 453 1358 quum
483 1286 636 1358 urgentur
661 1276 701 1339 ad
729 1278 919 1339 sententiam
945 1293 1116 1360 antequam
1144 1275 1184 1339 de
1214 1297 1308 1340 causa

357 1379 488 1462 liqueat,
503 1379 699 1461 respondent
721 1391 828 1462 patres
854 1401 928 1442 suos
952 1380 1052 1441 solem
1076 1379 1163 1463 apud
1187 1379 1308 1461 antipo-

361 1478 417 1541 des
442 1499 506 1542 non
531 1480 668 1557 vidisse3
698 1480 756 1544 sed
778 1492 967 1564 expectasse
993 1502 1128 1564 semper,
1153 1482 1256 1544 donec
1281 1491 1312 1542 et

360 1579 440 1663 ipsis
456 1581 598 1644 oriretur.
644 1582 769 1646 Dicunt
788 1582 873 1644 enirn
895 1602 1135 1664 praeproperum
1156 1602 1227 1643 esse
1246 1581 1310 1644 via·

362 1692 473 1760 torem,
501 1685 554 1767 qui
581 1695 749 1767 antequam
777 1684 890 1747 lucifer
916 1685 1042 1758 oriatur,
1067 1684 1181 1745 crassis
1207 1683 1312 1745 adhuc

363 1785 512 1863 tenebris,
537 1787 675 1870 luceque
700 1797 832 1862 remota,
860 1785 986 1848 diaetarn
1014 1783 1205 1866 aggreditur.
1250 1781 1312 1846 Sed

364 1908 423 1949 nec
431 1886 574 1970 judicem
587 1898 701 1951 terreat
714 1889 885 1952 auctoritas
894 1889 1072 1969 ligatorum,
1083 1907 1181 1970 quum
1194 1885 1313 1967 Pytha-

365 2009 450 2068 gorae
479 1990 512 2051 in
537 1990 757 2070 longissimum
782 2001 910 2073 tempus
937 1990 977 2052 sit
1006 1989 1107 2051 dilata
1137 1988 1259 2071 petitio,
1285 1998 1316 2050 et

366 2090 540 2153 Alexandri
556 2092 748 2155 Macedonis
772 2093 805 2154 in
833 2091 987 2155 castrensi
1005 2090 1132 2174 judicio
1157 2091 1199 2153 sit
1222 2110 1316 2152 causa

366 2187 523 2251 damnata.
569 2191 665 2262 Quod
686 2203 718 2254 ct
741 2193 794 2255 ille
818 2205 986 2274 acceptum
1009 2191 1133 2267 habuit,
1151 2189 1317 2274 judicibus

366 2309 464 2369 egeus
480 2293 622 2370 gratiam,
637 2314 773 2375 quorum
790 2294 821 2356 in
839 2316 878 2356 eo
901 2293 998 2356 fidem
1013 2294 1212 2376 probaverat,
1232 2291 1319 2376 quod

362 2389 520 2472 justitiam
547 2390 633 2455 omni
657 2395 838 2477 potentatui
860 2395 1079 2477 praeferebant.
1125 2394 1216 2458 Nihil
1247 2415 1319 2457 vero

368 2493 554 2572 praeclarius
574 2493 614 2557 de
636 2494 822 2560 Alexandro
844 2497 912 2572 illo,
933 2519 1026 2580 quem
1053 2496 1185 2580 publica
1210 2496 1319 2578 opinio

369 2614 521 2672 magnum
537 2596 661 2674 asserit,
686 2597 718 2659 in
745 2597 854 2680 aliqua
875 2597 1009 2660 historia
1030 2617 1103 2659 meo
1124 2594 1252 2679 judicio
1275 2616 1323 2658 re·

372 2696 451 2776 peri.
496 2697 581 2760 Mihi
608 2697 736 2782 quidem
762 2718 897 2779 semper,
920 2707 956 2760 ut
979 2708 1084 2759 tamen
1110 2716 1190 2778 pace
1214 2716 1321 2758 eorum

372 2797 497 2878 loquar,
528 2800 581 2884 qui
612 2801 819 2863 temeritatem
850 2800 959 2862 virtuti
995 2799 1179 2883 praeserunt,
1208 2796 1324 2861 ditissi-

374 2920 426 2963 mo
447 2901 630 2965 Alexandro
651 2924 773 2987 pauper
790 2902 988 2986 Pythagoras
1007 2901 1109 2985 major
1124 2901 1194 2964 erit.
1232 2896 1325 2972 Quod

376 3012 411 3063 ut
434 3024 562 3065 mecum
585 3003 750 3086 conjicias,
777 3004 983 3067 collationem
1006 3002 1151 3085 Philippi
1175 3012 1208 3064 et
1230 3001 1325 3062 Alex·

377 3103 479 3183 andri,
508 3106 614 3188 Trogo
650 3105 816 3187 Pompeio,
849 3107 899 3168 vel
928 3105 1057 3168 lustino
1087 3100 1326 3186 compendiario

379 3206 459 3290 ejus,
474 3207 501 3269 si
521 3210 633 3284 mavis,
649 3220 788 3286 auctore,
804 3209 1012 3271 revolvamus.
1056 3206 1112 3269 Ait
1135 3226 1230 3287 ergo:
1255 3203 1327 3266 Fuit

379 3311 547 3394 Philippus
584 3332 651 3390 rex,
689 3331 847 3375 armorum
883 3330 977 3394 quam
1016 3307 1233 3372 conviviorum
1265 3315 1328 3368 stu·

381 3409 511 3483 diosion
537 3413 588 3475 cui
603 3414 754 3477 maximae
779 3433 858 3497 opes
883 3421 973 3476 erant
995 3412 1208 3474 instrumenta
1232 3408 1330 3470 bello·

382 3535 462 3589 rum,
489 3514 669 3578 divitiarum
696 3523 846 3598 quaestus,
877 3534 972 3596 quam
1003 3510 1150 3576 custodia
1179 3508 1331 3573 solertior.

382 3622 497 3705 ltaque
512 3619 594 3682 inter
615 3616 817 3702 quotidianas
833 3617 973 3699 rapinas,
994 3634 1121 3697 semper
1135 3613 1231 3694 inops
1247 3618 1332 3683 erat3

382 3719 602 3783 misericordia
630 3720 664 3782 in
691 3741 729 3782 eo
763 3729 794 3782 et
831 3715 977 3801 perfidia,
1007 3716 1076 3799 pari
1096 3714 1169 3798 jure
1198 3714 1330 3776 dilecte.

381 3819 478 3901 Apud
494 3839 567 3880 eum
593 3820 680 3881 nulla
703 3819 782 3881 ratio
807 3815 957 3880 vincendi
981 3815 1093 3898 turpis,
1118 3812 1256 3875 blandus
1279 3829 1331 3893 pa-

382 3922 454 3985 riter
479 3928 511 3981 et
537 3917 709 3979 insidiosus
747 3919 899 4001 alloquio,
926 3917 982 4000 qui
1007 3917 1099 3997 plura
1128 3911 1335 3996 promitteret,

384 4044 478 4108 quam
494 4026 667 4104 prestaret.
714 4021 753 4080 In
769 4021 851 4081 serie
865 4032 898 4083 et
914 4020 1010 4101 jocos
1034 4016 1160 4092 artilex,
1181 4012 1334 4077 amicitias

383 4109 551 4202 utilitates?
563 4142 630 4183 non
668 4116 732 4180 fide
772 4121 909 4183 colebat.
970 4119 1115 4182 Gratiam
1146 4115 1269 4196 fingere
1304 4111 1335 4173 in

386 4227 471 4305 odio,
486 4205 640 4290 instruere
656 4220 738 4285 inter·
753 4220 985 4284 concordantes
1000 4218 1085 4295 odia,
1109 4214 1196 4298 apud
1219 4224 1336 4279 utrum-
