3309 5309
348 667 390 726 60
599 679 736 724 rasurus
752 677 1032 722 ssusssenrsusrs
1167 661 1250 741 [mu.
1270 679 1308 723 11.

349 831 425 915 Ego
446 829 634 894 sententiam
649 842 681 893 et
706 829 898 893 verissimam
919 841 951 892 et
973 827 1189 894 fidelissimam
1213 840 1305 916 puto.

349 931 437 1010 Quid
462 933 545 995 enim
572 931 669 995 refert
696 932 737 994 ad
761 929 1019 1016 consequentiam
1042 952 1159 1004 rerum,
1183 933 1209 995 si
1231 932 1307 1016 quis

348 1032 443 1096 semel
458 1046 514 1097 aut
530 1032 666 1119 amplius
681 1033 927 1097 sternutaverit?
951 1030 1042 1106 Quid
1058 1035 1083 1096 si
1099 1033 1305 1098 oscitaverit?

349 1135 435 1212 Quid
452 1135 589 1221 denique
609 1137 633 1199 si
651 1135 875 1221 undecumque
895 1157 1005 1199 sonum
1028 1135 1192 1200 emiserit?
1223 1138 1307 1198 Haec

349 1252 454 1301 tamen
477 1261 519 1302 ex
540 1238 643 1302 causis
665 1260 746 1324 quas
767 1237 896 1322 Physici
919 1251 1086 1314 noverunt,
1103 1237 1307 1323 aliquatenus

348 1339 476 1402 adeum
492 1338 652 1425 pertinent
667 1339 749 1402 circu
764 1362 861 1424 quem
877 1338 970 1402 fiunt.
1001 1342 1092 1416 Esto,
1108 1338 1186 1402 dum
1203 1337 1307 1403 aliena

349 1460 446 1525 opera
471 1440 637 1526 impedire,
659 1453 716 1504 aut
742 1462 928 1525 promovere
952 1461 1014 1502 non
1037 1452 1167 1525 queant.
1214 1439 1305 1503 Sicut

348 1562 405 1611 nec
427 1540 532 1605 inania
553 1541 703 1616 carmina,
719 1553 776 1604 aut
799 1540 1028 1625 superstitiosae
1050 1540 1199 1625 quaedam
1222 1540 1306 1624 liga·

349 1655 442 1721 turae‚
455 1668 529 1730 quae
546 1656 613 1709 tota
624 1643 818 1707 medicorum
836 1656 920 1706 secta
935 1641 1134 1721 condemnat,
1147 1640 1219 1705 licet
1235 1640 1305 1704 haec

347 1743 417 1831 ipsa
431 1770 450 1809 a
463 1746 655 1832 quibusdam
670 1744 868 1809 eminentiori
881 1743 1019 1830 quodam
1038 1745 1163 1808 nomine
1173 1742 1306 1829 physica

349 1847 467 1913 soleant
498 1847 662 1934 appellari.
714 1846 887 1931 Physicum
918 1847 1034 1910 etenim
1064 1845 1187 1924 dicunt,
1212 1846 1307 1930 cujus

350 1950 563 2013 occultissima
578 1949 661 2012 ratio
676 1960 736 2022 est,
752 1960 788 2010 ut
804 1949 943 2010 humano
959 1970 1052 2010 sensu
1068 1957 1205 2030 nequeat
1221 1965 1307 2008 com-

348 2050 513 2136 prehendi.
559 2048 650 2113 Nihil
679 2049 795 2111 etenim
826 2062 885 2127 est,
914 2047 966 2112 vel
996 2049 1045 2125 fit,
1075 2051 1167 2134 cujus
1196 2061 1304 2110 ortum
1371 2086 1376 2095 ·

348 2149 492 2234 legitima
513 2171 618 2225 causa,
635 2160 666 2211 et
689 2146 770 2211 ratio
790 2171 852 2212 non
875 2148 1076 2232 proecedant:
1108 2162 1139 2212 et
1162 2160 1199 2211 ut
1222 2147 1303 2211 alius

349 2247 406 2325 ait,
423 2247 512 2311 Nihil
528 2248 564 2312 fit
580 2248 611 2310 in
628 2259 713 2311 terra
728 2248 793 2311 sine
808 2270 914 2313 causa.
951 2248 1084 2314 Constat
1101 2249 1211 2334 itaque
1226 2249 1305 2334 quia

349 2349 482 2415 artificis
501 2363 624 2415 naturae
640 2372 768 2413 manum
791 2350 870 2413 nihil
885 2351 1003 2417 evadit.
1048 2353 1101 2415 Ex
1116 2374 1181 2436 quo
1196 2371 1305 2413 conse·

349 2467 483 2539 quenter
508 2465 595 2539 patet
621 2454 662 2518 ad
691 2452 853 2539 physicam
884 2453 990 2517 omnia
1018 2454 1185 2540 pertinere.
1230 2453 1306 2537 Ego

348 2554 477 2642 quidem
490 2578 683 2641 quocunque
697 2555 791 2618 modo
806 2555 866 2618 ista
877 2577 910 2620 se
926 2555 1073 2635 habeant,
1084 2554 1306 2618 indubitanter

348 2657 443 2722 credo
460 2658 515 2723 illa
529 2658 596 2723 sola
616 2681 677 2722 non
694 2682 762 2724 esse
784 2658 973 2743 respuenda,
988 2682 1063 2745 quae
1082 2681 1122 2721 ex
1145 2657 1208 2721 lide
1228 2678 1304 2741 pro-

348 2759 491 2842 veniunt,
506 2774 537 2825 et
560 2761 745 2826 reseruntur
767 2759 807 2823 ad
822 2760 956 2846 gloriam
979 2759 1206 2846 omnipotentis
1221 2759 1302 2833 Dei;

348 2883 450 2946 quum
466 2861 619 2947 scriptum
636 2862 789 2939 noverim,
804 2862 911 2924 omnia
926 2884 1127 2948 quaecunque
1145 2861 1177 2924 in
1193 2884 1302 2947 opere,

346 2962 397 3027 vel
419 2963 515 3028 verbo
532 2962 684 3041 feceritis,
699 2964 732 3027 in
755 2963 882 3027 nomine
905 2962 1036 3028 Domini
1057 2964 1161 3038 facite,
1179 2963 1210 3025 in
1235 2987 1302 3049 quo

347 3066 413 3133 sola
429 3067 480 3131 via
495 3065 631 3132 hominis
646 3079 861 3153 prosperatur.
895 3066 948 3130 Sic
962 3066 1102 3131 onmium
1119 3079 1301 3130 sanctorum

347 3170 442 3235 turba
457 3171 626 3256 praecessit.
672 3168 878 3235 Guthbertus
894 3169 1024 3254 signifer
1040 3167 1170 3254 quidam
1193 3170 1302 3252 gentis

347 3283 464 3333 nostrae
485 3271 518 3333 in
541 3271 611 3356 lege
628 3271 758 3336 Domini
781 3269 993 3356 Evangelium
1017 3268 1174 3331 Johannis
1190 3290 1301 3352 super-

346 3371 485 3452 ponebat
496 3372 639 3451 infirmis,
648 3384 679 3436 et
690 3374 894 3437 curabantur.
922 3372 1013 3435 Beati
1026 3369 1177 3455 Stephani
1191 3367 1303 3433 tunica

348 3472 548 3555 superposita
563 3485 723 3536 mortuum
745 3475 918 3539 suscitavit.
958 3472 1145 3558 Symbolum
1161 3475 1305 3556 Aposto-

346 3569 451 3634 lorum
464 3570 705 3646 doemoniaeum,
716 3596 734 3636 a
746 3597 809 3656 quo
821 3575 1017 3659 gestabatur,
1028 3574 1162 3638 curavit.
1187 3574 1307 3637 Oratio

347 3673 514 3738 Dominica
537 3675 653 3750 herbis,
677 3674 754 3738 dum
781 3674 970 3760 legebantur
997 3690 1051 3741 aut
1074 3675 1235 3739 dabantur
1257 3699 1299 3741 ex

346 3773 410 3837 fide
422 3773 519 3851 dicta,
530 3775 699 3862 saepissime
710 3778 846 3842 contulit
857 3792 1004 3863 optatum
1017 3778 1126 3841 salutis
1137 3777 1300 3841 effectum.

349 3873 467 3941 Beatus
479 3878 671 3942 Benedictus
687 3880 777 3963 signo
789 3880 891 3944 crucis
907 3903 962 3944 vas
976 3864 1179 3944 mortiferum⁴
1190 3880 1301 3964 fregit,

346 3999 382 4041 ac
401 3979 427 4041 si
445 4000 504 4062 pro
525 3976 615 4061 signo
633 3976 771 4062 lapidem
793 3979 978 4042 intorsisset.
1016 3977 1167 4062 Capitula
1189 3980 1300 4044 Evan-

345 4078 420 4163 gelii
439 4088 573 4164 gestata,
597 4081 646 4142 vel
667 4077 788 4154 audita,
812 4078 861 4142 vel
880 4079 975 4158 dicta,
997 4077 1202 4142 inveniuntur
1224 4104 1301 4166 pro·

344 4179 441 4245 fuisse
463 4177 719 4265 quamplurimis.
766 4180 847 4243 Haec
870 4178 1017 4264 equidem
1040 4191 1072 4242 et
1098 4178 1211 4242 similia
1234 4203 1300 4246 uon

346 4281 440 4347 modo
456 4281 551 4358 licita,
568 4280 622 4346 sed
639 4294 670 4347 et
682 4280 850 4378 utilissima
862 4295 945 4346 sunt.
978 4282 1053 4346 Alia
1064 4306 1139 4347 vero
1152 4305 1214 4346 non
1231 4299 1299 4349 tam
