3309 5309
243 669 312 715 cse.
329 653 413 729 xva]
595 671 849 718 rosrcnarrcns.
869 732 872 737 Ι
1158 659 1199 717 89

245 821 326 898 Quae
348 822 478 909 quidem
499 823 605 888 omnia
626 822 819 888 contrarium
841 821 965 887 faciunt
987 821 1195 900 intellectum,

244 945 348 1009 quum
381 924 477 989 Urias
507 923 673 1001 Diabolus,
698 923 805 990 'David
837 923 996 1003 Christus,
1019 923 1197 989 Bethsabee

245 1038 446 1108 peccatorum
472 1026 543 1091 labe
568 1026 729 1107 deformis,
754 1025 888 1091 ecclesia
912 1025 1082 1109 liguratur.
1120 1026 1197 1089 Fre·

244 1147 344 1211 quens
358 1140 463 1193 tamen
478 1141 510 1193 et
529 1128 621 1214 quasi
636 1127 781 1211 regulare
799 1128 856 1212 jus
877 1141 934 1206 est,
950 1139 986 1190 ut
1006 1149 1025 1188 a
1041 1125 1197 1191 similibus

245 1228 298 1292 ad⁵
309 1229 423 1293 similia
437 1243 580 1296 recurrat
602 1228 833 1316 interpretatio.
870 1229 988 1292 Verum
1004 1227 1084 1291 hauc
1102 1228 1197 1293 visio·

242 1348 331 1409 num,
346 1352 426 1416 quas
441 1332 531 1418 quies
550 1331 683 1407 inducit,
699 1331 885 1395 divisionem
900 1353 957 1416 per
971 1329 1118 1415 opposita
1132 1351 1196 1394 uon

245 1429 514 1508 fierioertumest3
532 1456 632 1518 quum
642 1432 750 1496 eadem
757 1453 817 1517 pro
826 1443 918 1517 parte
929 1430 1198 1512 sitvisio‚aliunde

242 1517 422 1612 mucidum,
447 1545 478 1597 et
505 1546 636 1621 propter
661 1555 766 1597 rerum
796 1533 916 1617 figuras
944 1533 1044 1617 possit
1069 1533 1198 1597 somniis

243 1637 423 1721 aggregari,
436 1650 468 1701 et
484 1636 647 1702 universas
656 1642 769 1702 'eorum
786 1634 906 1723 species
918 1635 1111 1722 quandoque
1125 1660 1198 1701 con-

245 1737 367 1823 tingat:
401 1739 489 1824 quod
512 1750 544 1803 et
567 1739 718 1803 studiosis
741 1739 972 1823 scripturarum
995 1737 1124 1822 planum
1140 1753 1197 1804 est.

245 1839 333 1902 Visio
349 1839 502 1916 Africani,
517 1840 726 1926 Apocalypsis
741 1841 897 1924 Apostoli,
914 1838 1055 1903 Danielis
1069 1854 1100 1903 et
1117 1842 1200 1906 Eze-

246 1940 355 2005 chielis
376 1946 523 2017 oracula;
550 1942 671 2006 somnia
690 1940 866 2006 Pharaonis
883 1953 914 2005 et
937 1941 1072 2026 Joseph,
1088 1965 1197 2007 eorum

247 2065 320 2128 quae
336 2041 510 2107 dictasunt
532 2043 655 2108 faciunt
671 2042 777 2105 fidam.
814 2041 961 2106 Personis
981 2065 1111 2129 quoque
1126 2044 1198 2129 qui-

245 2142 380 2207 busdam
405 2144 522 2208 veritas
550 2142 749 2229 frequentius
777 2139 942 2216 illucescit,
973 2154 1086 2228 utpote
1114 2165 1198 2207 com-

246 2247 385 2331 positum
408 2244 599 2310 habentibus
618 2245 772 2322 animum,
793 2244 872 2308 alias
892 2243 1088 2330 frequentior
1110 2269 1198 2311 error

246 2346 391 2412 involvit.
426 2350 599 2431 Augustus
615 2350 723 2414 Caesar
737 2369 838 2433 quum
855 2345 1008 2411 adversus
1022 2349 1196 2415 Antonium

245 2446 453 2514 dimicaturus
463 2466 556 2525 esset,
568 2449 760 2534 aegritudine
768 2449 859 2532 gravi
875 2448 1033 2526 laborans,
1045 2449 1077 2512 in
1088 2451 1197 2536 quiete

246 2549 431 2614 mandatum
453 2551 586 2637 accepit,
608 2564 645 2616 ut
667 2551 708 2615 ad
730 2551 894 2616 victoriam
917 2553 1123 2635 consequenti
1145 2553 1198 2616 die

245 2651 355 2738 praelio
375 2653 549 2718 interesset.
595 2653 707 2718 Paruit
726 2654 837 2737 itaque
859 2651 971 2715 lectica
992 2651 1144 2717 devectus
1165 2654 1198 2718 in

244 2755 406 2840 proelium,
422 2770 454 2820 et
470 2757 554 2821 vicit.
602 2758 745 2820 Socrates
760 2755 821 2821 sibi
841 2777 882 2818 ex
897 2777 952 2817 ara
966 2753 1110 2831 Veneris,
1126 2779 1198 2842 quae

245 2857 425 2924 Academiae
436 2872 516 2939 erat,
525 2858 606 2923 vidit
617 2858 723 2922 offerri
733 2880 872 2943 cygnum
884 2854 999 2921 collum
1009 2858 1198 2922 inserentem

244 2960 336 3035 coelo,
352 2973 456 3023 rostro
475 2973 655 3044 tangentem
677 2959 791 3036 sidera,
807 2962 966 3043 regionem
988 2981 1063 3043 quae
1077 2959 1199 3043 Aplane

244 3059 374 3140 dicitur,
389 3073 618 3144 penetrantem,
635 3072 667 3124 et
686 3057 958 3123 transcendentem
974 3072 1121 3144 aspectus
1132 3083 1199 3123 om·

245 3159 348 3239 nium,
368 3173 400 3225 et
423 3173 513 3224 tanta
534 3161 620 3223 vocis
642 3161 814 3223 sonoritate
836 3168 868 3222 et
889 3158 1002 3222 laetitia
1023 3172 1199 3238 canentem,

247 3276 285 3326 ut
301 3274 405 3327 totum
422 3261 575 3325 mulceret
589 3262 709 3325 orbem.
749 3261 901 3347 Sequenti
917 3262 969 3325 die
985 3260 1144 3326 Aristides
1158 3264 1199 3328 ab

245 3364 417 3430 Academia
437 3364 607 3450 parvulum
628 3364 730 3433 filium
748 3364 912 3428 Platonem
929 3365 1050 3430 Socrati
1068 3365 1199 3444 obtulit,

246 3466 361 3532 litteris
386 3480 418 3532 et
447 3466 589 3532 moribus
614 3466 833 3530 imbuendum.
879 3470 952 3540 Quo
981 3465 1060 3548 viso,
1085 3469 1199 3533 mentis

246 3568 369 3632 viribus
393 3592 432 3632 ex
455 3569 597 3655 corporis
622 3568 830 3655 dispositione
858 3568 1030 3654 conceptis,
1054 3569 1119 3635 Hic
1141 3587 1200 3651 est,

245 3671 609 3758 inquit,cygnus,quem
618 3685 725 3735 nostro
734 3670 876 3756 Apollini
886 3675 995 3736 Venus
1004 3671 1201 3738 Academica

246 3774 450 3839 consecravit.
495 3773 588 3839 Plato
614 3774 803 3855 litterarum,
831 3796 911 3858 quas
939 3775 1200 3860 persequebatur,

246 3897 342 3939 causa
356 3870 557 3961 proficiscens
571 3876 602 3939 in
619 3880 812 3962 AEgyptum‚
825 3899 858 3940 se
874 3899 893 3938 a
907 3875 1019 3960 piratis
1030 3876 1101 3962 capi
1116 3876 1200 3939 inter

245 3976 387 4040 eundum
417 3991 448 4043 et
479 3979 655 4044 venundari
687 3979 777 4044 vidit.
832 3979 928 4052 Quod
957 3992 990 4043 et
1020 3979 1097 4042 dum
1128 3977 1199 4053 iret,

246 4078 390 4164 contigit.
