3309 5309
355 681 418 737 240
625 691 761 736 Joaums
776 691 1056 737 sanasnaluausrs
1162 676 1245 755 [nra.
1261 697 1303 743 rr.

353 844 455 928 eipem
470 841 668 915 excolebant,
689 841 806 907 scilicet
825 842 1032 924 Sapientiam,
1048 843 1120 906 ideo
1134 843 1221 928 quod
1238 845 1306 930 ipsa

352 946 500 1008 omnibus
512 958 635 1030 praeest.
654 944 749 1007 Unde
761 959 791 1008 et
807 945 994 1030 Philosophi
1007 960 1128 1009 veteres
1137 933 1305 1030 imaginem
1357 1017 1360 1020 ⁴

355 1045 527 1130 Sapientiae
549 1066 607 1126 pro
633 1043 757 1107 foribus
776 1044 916 1108 omnium
941 1043 1133 1129 templorum
1155 1045 1255 1130 pingi,
1275 1059 1306 1108 et

353 1146 421 1209 baec
438 1146 535 1209 verba
550 1143 644 1208 scribi
660 1144 775 1208 debere
790 1157 1002 1208 censuerunt:

459 1263 531 1312 Usus
542 1279 584 1312 me
596 1262 695 1327 genuit,
709 1262 809 1330 peperit
823 1260 969 1312 Memoria:

457 1346 580 1416 Sophiam
593 1364 635 1397 me
646 1354 738 1397 vocant
750 1346 835 1407 Graii,
847 1362 892 1396 vos
905 1345 1078 1416 Sapientiam.

353 1449 397 1511 Et
425 1447 492 1510 baec
517 1447 613 1510 item:
640 1447 712 1529 Ego
736 1446 790 1509 odi
816 1445 959 1508 homines
984 1446 1113 1522 stultos,
1137 1457 1168 1509 et
1190 1449 1303 1531 ignava
1355 1490 1358 1494 Δ

351 1572 457 1634 opera,
480 1563 511 1613 et
540 1547 775 1634 philosophicas
798 1546 977 1613 sententias.
1024 1549 1070 1612 Et
1092 1547 1223 1633 quidem
1243 1549 1303 1611 ele·

350 1664 464 1735 ganter
479 1650 524 1713 illi
543 1651 603 1713 ista
619 1651 793 1727 finxerunt,
815 1649 889 1712 licet
907 1649 1070 1713 veritatem
1092 1653 1192 1732 ipsam
1213 1651 1303 1736 plene

351 1773 413 1813 non
431 1750 593 1814 noverint:
619 1749 659 1812 ad
675 1772 743 1812 eam
765 1765 869 1811 tamen
886 1749 1086 1832 aliquatenus
1108 1749 1303 1827 accedentes,

351 1851 429 1915 dum
446 1853 630 1938 sapientiam
655 1851 809 1927 omnium,
826 1873 899 1935 quae
923 1864 1006 1914 recte
1028 1852 1121 1928 fiunt,
1143 1852 1259 1915 ducem
1274 1866 1303 1915 et

351 1955 846 2040 principemarbitrantur,quum
856 1965 888 2015 et
898 1952 966 2038 ipsa
976 1953 1306 2038 veraciterglorietur,
1369 1964 1372 1969 ’

350 2055 436 2140 quod
455 2056 588 2120 inomni
611 2067 706 2138 gente
728 2066 760 2117 et
776 2054 897 2139 populo
917 2077 936 2116 a
952 2055 1108 2139 principio
1129 2056 1301 2140 primatum

351 2156 465 2233 tenuit,
480 2155 690 2241 superborum
702 2167 731 2217 et
750 2153 933 2218 sublimium
947 2154 1026 2217 colla
1038 2153 1169 2239 propria
1185 2155 1302 2218 virtute

350 2255 482 2319 calcans.
529 2256 674 2320 Salomon
694 2278 823 2340 quoque
841 2279 874 2319 se
892 2279 961 2321 eam
984 2279 1079 2341 snper
1105 2255 1302 2335 salutemet

350 2355 456 2417 omnia
471 2355 604 2439 pulchra
624 2354 773 2417 dilexisse
796 2355 928 2430 fatetur,
944 2369 975 2419 et
995 2356 1156 2440 adipsum
1179 2379 1304 2420 cumea

350 2455 455 2519 omnia
470 2455 552 2518 bona
568 2454 741 2519 accessisse.

353 2715 431 2799 Cap.
450 2723 476 2778 7,
504 2715 593 2786 Quod
614 2715 754 2778 timorem
780 2717 842 2779 liet
864 2714 967 2777 doceri
989 2714 1085 2793 debet,
1116 2724 1147 2778 et
1169 2717 1301 2778 humilis

393 2836 468 2889 esse,
498 2826 529 2879 et
555 2821 599 2880 sit
620 2838 747 2881 servare
771 2817 997 2889 bumilitatem,
1021 2817 1106 2898 quod
1126 2821 1301 2882 auctoritas

390 2919 519 2999 publiea
536 2941 600 2982 aaa
622 2925 814 2983 minuatur:
838 2928 866 2980 et
881 2921 965 3001 quod
981 2928 1219 3001 praceptorum
1235 2921 1301 2983 olio

394 3022 534 3096 nrcbilio,
551 3025 619 3085 alio
634 3023 817 3085 immobilia.

394 3194 568 3264 Sucurrua
585 3205 621 3255 ut
636 3191 737 3255 discat
754 3192 863 3256 timere
881 3194 1053 3256 Dominum
1072 3193 1178 3254 Deum
1196 3214 1299 3270 suum,

348 3307 380 3356 et
396 3293 557 3357 custodire
579 3293 675 3356 verba
698 3294 767 3378 ejus
790 3317 863 3377 quae
887 3293 917 3355 in
941 3292 1011 3376 lege
1034 3304 1196 3377 praecepta
1215 3306 1299 3356 sunt.

350 3395 487 3457 Causam
512 3394 662 3477 legitimae
685 3395 926 3470 observationis,
949 3392 1001 3457 lex
1024 3393 1093 3478 ipsa
1113 3392 1297 3478 subjungit:

348 3506 385 3556 ut
401 3493 511 3572 discat,
526 3494 638 3580 inquit.
685 3495 832 3580 Diligens
854 3517 992 3579 namque
1012 3493 1123 3570 lector,
1144 3493 1223 3578 legis
1238 3493 1299 3556 dis·

347 3592 474 3677 cipulus
489 3607 547 3673 est,
567 3618 629 3657 non
646 3598 813 3680 magister:
839 3618 895 3659 nec
911 3596 950 3659 ad
975 3617 1100 3658 sensum
1118 3617 1212 3658 suum
1227 3617 1299 3680 cap·

347 3695 479 3757 tivatam
503 3710 666 3781 retorquet
681 3697 795 3782 legem,
811 3697 865 3761 sed
882 3699 981 3760 menti
996 3698 1065 3782 ejus
1079 3710 1111 3761 et
1127 3695 1299 3778 integritati

347 3817 456 3858 sensus
479 3820 553 3860 suos
575 3799 800 3864 accommodat.
848 3800 909 3862 Sed
933 3798 1109 3884 discipulus
1139 3797 1199 3863 iste
1221 3796 1298 3883 quid

347 3895 458 3960 discit?
491 3895 614 3981 Utique
626 3897 736 3959 timere
753 3899 928 3962 Dominum
940 3903 1045 3963 Deum
1058 3921 1165 3961 sunm.
1202 3899 1299 3961 Recte

346 3997 486 4082 quidem,
495 4020 532 4059 eo
542 3996 630 4081 quod
643 3997 796 4082 sapientia
808 4000 904 4085 parit,
914 4013 946 4064 et
958 4000 1063 4062 firmat
1075 3998 1297 4085 principatum.

347 4099 452 4184 Atqui
483 4097 608 4161 initium
639 4098 801 4183 sapientiae
824 4104 919 4165 timor
942 4100 1083 4164 Domini.
1130 4099 1195 4176 Qui
1223 4121 1298 4183 ergo

347 4201 467 4264 timoris
479 4223 540 4265 non
563 4199 709 4264 initiatur
731 4202 846 4286 gradu,
868 4203 987 4266 frustra
1008 4201 1048 4265 ad
1066 4201 1200 4286 legitimi
1215 4201 1298 4286 prin-

345 4300 469 4383 cipatus
490 4300 616 4365 culmen
631 4301 760 4386 aspirat.
805 4303 969 4387 Legitimi,
988 4302 1138 4387 inquam:
1163 4301 1239 4385 quia
1258 4299 1296 4362 de
