3309 5309
464 708 528 766 306
727 717 863 763 ioannis
879 716 1155 761 saansnnnmusis
1290 695 1374 780 [nm.
1389 712 1418 759 v.

467 869 605 936 retineri.
652 869 731 946 Quis
751 883 799 932 est
822 869 904 932 enim
929 868 980 932 cui
1001 868 1154 932 virtutem
1176 888 1240 929 non
1256 865 1419 930 excutiant

468 970 632 1036 curialium
649 972 768 1053 nugae?
803 971 885 1046 Quis
902 980 949 1032 est
972 980 1092 1042 tantus,
1108 965 1179 1051 quis
1201 979 1268 1030 tam
1290 962 1419 1039 solidus,

468 1085 505 1135 ut
528 1069 685 1153 corrumpi
712 1091 773 1131 non
802 1070 929 1153 possit?
968 1068 1119 1153 Optimus
1145 1080 1193 1131 est
1221 1069 1280 1152 qui
1306 1063 1420 1129 resistit

468 1173 600 1249 diutius,
616 1173 671 1256 qui
693 1170 843 1246 validius,
859 1171 914 1255 qui
938 1170 1157 1254 corrumpitur
1175 1169 1292 1232 minus.
1339 1166 1419 1229 Nam

468 1288 506 1338 ut
521 1274 560 1338 sit
577 1273 680 1337 virtus
697 1271 875 1352 incolumis,
891 1296 909 1335 a
925 1271 1092 1338 curialium
1112 1270 1180 1335 vita
1199 1267 1419 1333 divertendum

468 1390 525 1440 est.
559 1374 707 1454 Provide,
719 1374 866 1459 quisquis
881 1374 940 1438 hoc
952 1372 1081 1450 dixerit,
1093 1384 1125 1438 et
1137 1372 1312 1458 prudenter
1326 1372 1420 1434 curia

470 1491 615 1541 naturam
638 1479 811 1560 expressit:

888 1591 1047 1655 exeatanla,

715 1679 768 1739 Qui
781 1677 837 1730 vult
849 1695 905 1730 esse
917 1680 981 1750 pius.

472 1784 568 1848 Unde
590 1783 751 1867 eleganter
773 1782 846 1846 fons
869 1782 1031 1857 Salmacis,
1053 1782 1186 1846 infamia
1209 1781 1355 1846 molliciei
1378 1780 1420 1844 in·

470 1887 580 1972 signis,
603 1886 704 1950 eidem
728 1898 942 1970 comparatur.
988 1886 1037 1949 Ut
1059 1884 1143 1948 enim
1165 1885 1198 1947 in
1221 1884 1344 1950 fabulis
1364 1896 1420 1959 est,

470 1989 557 2052 unda
578 1985 665 2051 illius
686 2001 817 2072 aspectu
840 1987 955 2051 decora
976 1999 1035 2066 est,
1057 2005 1158 2071 gustu
1181 1986 1297 2066 dulcis,
1320 1984 1422 2049 suavis

470 2104 570 2163 tactu,
586 2102 616 2154 et
633 2089 775 2152 omnium
796 2112 946 2152 sensuum
969 2113 1028 2153 usu
1046 2089 1239 2173 gratissima,
1256 2088 1313 2151 sed
1335 2098 1421 2151 tanta

469 2192 604 2255 mollicie
619 2191 833 2273 ingredientes
854 2206 994 2268 enervat,
1012 2203 1047 2254 ut
1071 2191 1147 2255 viris
1167 2190 1356 2255 effeminatis
1369 2212 1422 2252 no·

468 2291 612 2354 biliorem
625 2290 745 2352 adimat
755 2313 886 2365 sexum3
913 2312 971 2356 nec
984 2305 1058 2355 ante
1069 2291 1237 2377 quisquam
1250 2289 1423 2376 egreditur,

468 2413 565 2477 quam
583 2403 711 2477 stupeat
726 2403 758 2455 et
773 2391 881 2457 doleat
897 2416 929 2456 se
944 2406 1105 2458 mutatum
1122 2415 1190 2456 esse
1210 2396 1243 2458 in
1263 2392 1421 2457 feminam.

430 2527 432 2534 ·
469 2496 541 2559 Aut
562 2493 647 2557 enim
667 2492 782 2557 cedens
801 2495 931 2558 omnino
953 2517 1050 2560 sexus
1070 2498 1102 2559 in
1123 2494 1311 2559 deteriorem
1330 2496 1421 2578 dege-

469 2607 570 2675 nerat,
585 2608 642 2659 aut
665 2595 780 2659 veteris
801 2596 968 2681 dignitatis
989 2596 1097 2681 aliquo
1117 2608 1263 2661 manente
1278 2596 1422 2681 vestigio,

469 2696 767 2783 hermaphroditum
797 2699 917 2779 induit,
947 2698 1003 2785 qui
1034 2698 1175 2784 quodam
1210 2698 1422 2785 delinquentis

469 2813 594 2864 naturae
617 2798 769 2872 ludibrio,
797 2803 841 2865 sic
868 2802 1036 2885 utriusque
1062 2822 1157 2864 sexus
1182 2813 1320 2865 ostentat
1346 2800 1422 2864 ima-

469 2901 586 2986 ginem,
610 2915 648 2966 ut
670 2904 817 2966 neutrius
840 2904 973 2967 retineat
997 2907 1174 2969 veritatem.
1221 2906 1293 2968 Hac
1318 2916 1421 2968 autem

469 3003 585 3088 poetici
608 3004 692 3067 nube
714 3003 858 3088 figmenti
883 3025 1038 3089 nugarum
1063 3003 1231 3069 curialium
1254 3028 1423 3090 repraesen-

448 3161 452 3169 .
470 3117 558 3169 tatur
573 3105 691 3189 imago,
707 3129 781 3191 quae
798 3105 882 3169 viros
897 3107 1021 3192 abjecta
1037 3106 1156 3170 virtute
1174 3107 1352 3181 emolliunt,
1368 3120 1423 3171 aut

470 3208 600 3272 virtutis
621 3206 759 3292 imagine
781 3220 905 3273 retenta
927 3221 1124 3295 pervertunt.
1170 3209 1235 3284 Qui
1257 3210 1423 3275 curialium

469 3307 606 3392 ineptias
628 3309 743 3390 induit,
765 3324 797 3375 et
819 3309 1011 3396 philosophi,
1034 3312 1083 3375 vel
1105 3311 1180 3375 boni
1204 3313 1264 3377 viri
1285 3311 1423 3376 officium

470 3408 649 3492 pollicetur,
676 3414 971 3497 Hermaphroditus
997 3426 1055 3490 est,
1083 3414 1139 3500 qui
1165 3414 1249 3477 duro
1272 3413 1366 3478 vultu
1392 3426 1423 3478 et

469 3510 598 3595 hispido
623 3512 808 3579 muliebrem
838 3515 999 3601 deturpat
1021 3528 1231 3593 venustatem,
1257 3530 1290 3581 et
1319 3516 1424 3580 virum

470 3614 682 3678 muliebribus
697 3616 826 3701 polluit,
842 3632 873 3682 et
897 3616 1039 3682 incestat.
1084 3618 1149 3681 Res
1164 3617 1321 3704 siquidem
1338 3639 1424 3682 mon-

470 3726 594 3777 struosa
614 3731 672 3796 est,
689 3717 904 3804 Philosophus
925 3719 1072 3784 curialis:
1100 3732 1132 3784 et
1154 3719 1231 3784 dum
1250 3731 1423 3805 utrumque

468 3834 535 3875 esse
550 3815 688 3889 affectat,
701 3832 851 3883 neutrum
864 3836 926 3898 est,
937 3844 974 3884 eo
986 3821 1073 3906 quod
1087 3822 1176 3886 curia
1191 3822 1421 3907 philosophiam

466 3914 622 3992 excludit,
635 3930 665 3980 et
678 3918 814 4003 ineptias
825 3922 960 3986 curiales
969 3922 1179 4010 philosophus
1191 3946 1424 4010 usquequaque

468 4039 529 4080 non
541 4017 662 4103 recipit.
700 4023 732 4082 N
734 4042 775 4083 on
788 4032 892 4086 tamen
907 4024 946 4086 ad
959 4048 1084 4089 omnem
1096 4027 1218 4090 curiam
1227 4027 1424 4112 comparatio

467 4119 590 4196 transit,
614 4119 668 4184 sed
692 4119 732 4183 ad
755 4120 842 4186 illam
865 4122 1036 4204 duntaxat,
1059 4151 1132 4213 quae
1154 4127 1334 4214 insipientis
1360 4127 1425 4192 dis-

468 4232 665 4305 temperatur
691 4222 834 4290 arbitrio.
881 4226 945 4303 Qui
971 4229 1054 4293 enim
1084 4230 1209 4315 sapiens
1235 4244 1296 4307 est,
1322 4253 1423 4315 nugas

463 4320 576 4405 abigit,
602 4326 762 4411 componit
788 4328 932 4410 domum,
954 4344 986 4395 et
1013 4331 1160 4397 universa
1182 4331 1271 4399 illius
1293 4333 1422 4418 subjicit
