3309 5309
361 647 419 708 196
623 663 758 706 roaunrs
775 661 1050 706 sanasnanransrs
1156 643 1237 721 [tra.
1255 664 1308 709 111.

364 813 451 897 quod
474 836 513 876 ex
537 816 732 896 Evangelica
753 816 854 877 habes
873 814 1015 889 historia,
1030 814 1188 877 salubrius
1210 815 1318 877 incau-

363 929 429 978 tum
445 926 476 977 et
491 916 648 997 perfidum
662 915 806 978 solvisset
815 917 1043 998 juramentum,
1055 936 1152 997 quam
1167 916 1200 977 iu
1214 916 1316 978 extin-

363 1016 491 1094 guenda
505 1018 636 1078 lucerna
651 1015 748 1091 verbi,
764 1013 936 1077 auferendo
951 1015 1183 1097 praeambulum
1200 1015 1318 1096 gratiae,

362 1116 501 1178 veritatis
513 1115 694 1178 occidendo
706 1136 898 1197 praeconem,
912 1135 1054 1176 mensam
1065 1114 1234 1196 pollueret,
1244 1136 1318 1177 con·

361 1214 480 1275 rivium
509 1213 687 1288 incestaret,
715 1212 836 1294 regiam
867 1212 1080 1293 pessundaret
1108 1212 1318 1296 majestatem,

363 1313 438 1375 dum
461 1315 597 1377 incestui
620 1327 734 1377 cuncta
757 1313 907 1386 serviunt,
930 1324 962 1376 et
984 1314 1206 1396 obtemperant
1228 1318 1318 1380 salta·

360 1416 441 1478 trici.
472 1416 592 1493 Ethica
608 1415 739 1499 quidem
752 1414 861 1495 regula
873 1424 935 1476 est:
952 1414 1106 1497 quianon
1123 1416 1234 1483 omnia
1245 1428 1316 1480 sunt

360 1539 487 1600 semper
511 1516 669 1599 promissa
695 1513 868 1589 solvenda3
901 1516 927 1577 si
953 1515 1034 1577 forte
1063 1525 1118 1578 aut
1144 1528 1315 1599 accepturo

362 1619 527 1690 damnosa,
558 1629 611 1680 aut
640 1616 820 1698 perniciosa
845 1616 910 1678 sint
938 1615 1144 1698 promittenti.
1191 1619 1236 1680 Et
1263 1620 1316 1681 lex

361 1721 510 1783 amicitiae
524 1721 579 1782 illa
595 1718 770 1801 praevaluit,
786 1739 851 1801 qua
866 1719 934 1779 sola
951 1717 1087 1781 honesta
1102 1720 1170 1802 peti
1185 1719 1263 1783 licet
1276 1722 1314 1784 ab

361 1821 472 1884 amicis
493 1830 547 1882 aut
562 1819 638 1880 fieri.
684 1819 825 1900 Ipsoque
841 1817 915 1900 jure
938 1827 1066 1879 cautum
1090 1829 1148 1895 est,
1171 1821 1315 1883 utnulla

360 1920 540 2003 promissio,
565 1939 636 2001 quae
662 1930 785 2000 turpem
813 1929 868 1980 aut
895 1918 1015 1980 tristem
1040 1918 1157 1981 habeat
1181 1919 1314 1997 exitum,

299 2028 304 2035 '
359 2022 536 2102 impleatur.
581 2020 746 2081 Postremo
773 2018 969 2082 antecedens
995 2019 1176 2099 promissio,
1201 2040 1313 2084 conse·

360 2121 487 2202 quentis
513 2119 662 2181 beneficii
687 2121 819 2199 gratiam
843 2131 898 2182 aut
920 2119 1090 2200 extinguit,
1113 2129 1168 2182 aut
1190 2121 1311 2185 minuit

360 2223 404 2282 Et
425 2221 506 2282 sicut
522 2221 641 2302 jacula,
662 2241 734 2301 quae
756 2220 982 2303 praevidentur,
1004 2220 1120 2283 feriunt
1142 2220 1261 2298 minus,
1283 2232 1313 2285 et

357 2344 428 2404 quae
444 2321 575 2382 omnino
590 2341 654 2381 non
671 2332 891 2401 praecaventur
906 2321 1007 2401 magis
1021 2320 1154 2400 laedunt,
1170 2322 1217 2385 ita
1231 2332 1264 2386 et
1279 2323 1310 2386 in

357 2420 525 2484 beneficiis
540 2419 627 2503 quod
643 2441 683 2482 ex
700 2421 912 2502 promissione
929 2433 1119 2505 conceptum
1135 2434 1196 2496 est,
1209 2424 1311 2486 minus

354 2521 523 2606 accipitur,
538 2533 569 2584 et
591 2522 676 2604 quod
698 2544 740 2584 ex
762 2523 923 2606 insperato
944 2524 1101 2607 provenit,
1123 2525 1244 2606 gratius
1265 2547 1315 2589 ac·

358 2633 510 2705 reptatur.
555 2623 648 2684 Licet
663 2623 747 2683 onim
770 2623 857 2685 nuda
878 2623 1048 2704 promissio
1072 2622 1158 2705 apud
1174 2623 1266 2706 juriS,
1282 2634 1314 2687 ut

359 2723 487 2794 dicitur,
503 2723 622 2805 peritos
636 2744 700 2784 non
718 2723 820 2804 pariat
842 2723 1010 2799 actionem,
1025 2719 1199 2805 promissor
1212 2724 1312 2787 omnis

356 2823 443 2907 apud
465 2824 626 2885 veritatem
649 2822 694 2899 (ut
717 2823 781 2884 dici
805 2825 895 2902 solet)
920 2825 1070 2907 pollicem
1093 2823 1177 2899 fixit,
1194 2837 1226 2887 et
1240 2825 1310 2908 jure

356 2923 442 2986 civili
461 2933 615 2998 cessante,
636 2921 712 2983 fidei
731 2921 917 2984 naturaliter
940 2922 1106 3003 obligatur.
1153 2923 1218 2986 Sed
1240 2926 1309 3007 quis

354 3036 442 3087 actor
462 3023 572 3085 durius
587 3031 672 3103 aget,
699 3042 793 3104 quam
811 3021 902 3098 fides,
928 3022 955 3084 si
971 3023 1042 3105 ipsa
1057 3024 1192 3104 coeperit
1218 3046 1309 3087 accu-

355 3124 444 3188 sare?
473 3125 507 3187 si
523 3123 589 3205 agit
603 3123 810 3194 conscientia,
827 3123 900 3204 quis
916 3121 1082 3186 absolvet?
1107 3123 1212 3200 Certe,

457 3244 585 3315 Exemplo
597 3245 765 3312 quodeunque
777 3243 846 3296 malo
858 3246 1038 3308 committitur,
1050 3246 1101 3316 ipsi

459 3328 587 3399 Displicet
599 3330 705 3391 auctori,
717 3329 801 3400 prima
814 3334 854 3381 est
866 3329 922 3382 brec
934 3329 1007 3395 ultio,
1019 3330 1088 3397 quod
1100 3348 1129 3382 se

455 3415 472 3463 J
475 3414 558 3477 adice,
571 3431 646 3465 nemo
658 3430 752 3465 nocens
764 3413 913 3466 absolvitur.

351 3526 385 3589 Si
402 3546 475 3587 vero
491 3525 562 3606 ipsa
570 3525 740 3608 justificat,
752 3527 829 3609 quis
846 3527 1062 3592 condemnat?
1093 3531 1302 3594 Proculdubio

351 3625 406 3706 qui
422 3626 455 3686 in
477 3626 532 3686 illo
548 3627 677 3688 timetur
692 3627 837 3699 articulo,
856 3627 1014 3689 Dominus
1036 3639 1097 3704 est,
1113 3632 1170 3694 ubi
1193 3643 1225 3695 et
1239 3633 1305 3695 dies

349 3726 561 3788 contemnitur·
575 3727 744 3802 humanus,
755 3738 788 3789 et
802 3729 1001 3791 conscientia
1013 3729 1101 3811 quod
1114 3733 1304 3815 obloquatur

348 3846 412 3886 non
428 3825 558 3887 invenit.
604 3827 639 3888 Si
660 3849 734 3889 vero
749 3829 887 3890 animam
910 3842 1065 3892 accusant
1080 3852 1190 3913 opera,
1204 3844 1237 3896 et
1257 3833 1301 3895 illi

351 3924 549 3988 conscientia
565 3927 653 3987 testis
668 3926 798 4003 assistit,
814 3939 845 3990 et
860 3949 990 3991 causam
1008 3929 1123 3992 veritas
1143 3934 1303 3996 examinet

346 4026 519 4109 aequitatis,
537 4025 608 4107 quis
629 4047 737 4106 quaeso
760 4028 882 4091 Praetor
897 4030 930 4090 in
952 4051 1050 4106 ream,
1065 4034 1300 4116 obnoxiamque

346 4126 514 4189 mendacio
531 4127 654 4206 gravius
679 4125 874 4191 vindicabit?
906 4130 991 4193 Sane
1007 4132 1130 4195 Praetor
1152 4135 1212 4197 etsi
1232 4135 1296 4195 viva

349 4250 410 4291 vox
421 4226 503 4311 juris
516 4249 584 4289 esso
602 4227 735 4300 dicatur,
748 4230 934 4292 sententiam
952 4231 1021 4313 ejus
1037 4234 1151 4296 veritas
1163 4235 1295 4316 plerum·
