3309 5309
438 636 502 696 310
694 645 832 690 rotulus
847 644 1125 691 ssnnsnnsrmrsrs
1270 627 1352 706 [nin.
1368 647 1399 691 v.

446 801 608 864 dominum
626 798 754 861 vendat.
800 800 913 861 Omnis
928 800 1013 862 enirn
1035 800 1247 881 magistratus,
1265 798 1399 883 justitiae

447 903 584 966 famulus
607 911 664 964 est.
710 900 846 963 Constat
872 901 956 963 enim
982 902 1057 984 quia
1081 901 1217 985 aequitas
1245 901 1402 963 alienatur

446 1027 466 1068 a
495 1002 671 1078 venditore,
700 1002 777 1065 lieet
805 1002 848 1065 ad
885 1016 1062 1086 emptorem
1093 1025 1160 1066 non
1190 1013 1341 1076 transeat,
1370 1014 1401 1065 ct

446 1116 557 1188 empta
588 1104 739 1188 iniquitas
769 1104 815 1167 sic
846 1104 886 1167 ad
921 1119 1093 1189 emptorem
1128 1105 1251 1183 transit,
1282 1116 1318 1167 nt
1345 1125 1400 1166 ne·

447 1228 608 1292 quaquam
638 1228 658 1269 a
687 1205 853 1270 venditore
882 1207 1021 1271 recedat.
1070 1209 1115 1272 Et
1151 1207 1237 1292 quod
1268 1207 1302 1269 in
1331 1207 1401 1270 aliis

447 1309 667 1374 contractibus
682 1330 746 1371 non
762 1310 930 1392 reperitur,
942 1311 1028 1373 solue
1044 1312 1100 1373 ille
1110 1310 1268 1394 justitiam
1282 1309 1401 1386 vendit,

448 1411 503 1495 qui
518 1431 584 1472 non
599 1409 706 1474 habet.
738 1409 904 1492 Siquidem
921 1423 995 1474 ante
1011 1411 1239 1473 commercium
1251 1410 1403 1493 relinquit

448 1511 612 1577 sordidum
635 1510 844 1574 venditorem.
890 1513 1010 1575 Nonne
1032 1511 1181 1576 sordidus
1202 1521 1262 1589 est,
1283 1512 1338 1594 qni
1361 1510 1402 1574 ad

448 1625 609 1696 acceptas,
625 1613 675 1676 rel
695 1611 819 1675 oblatos
840 1612 962 1691 sordes,
978 1613 1209 1676 conscientiam
1229 1612 1357 1696 polluit,
1371 1621 1404 1675 et

448 1737 514 1779 non
526 1727 590 1778 tam
594 1714 751 1799 justitiam
765 1715 907 1777 venalem
919 1715 1027 1792 habet,
1038 1735 1133 1798 quarn
1142 1715 1283 1777 animam
1293 1712 1401 1777 suam?

450 1819 574 1881 Doctor
599 1815 741 1896 gentium
766 1815 903 1892 divitias,
929 1817 1078 1891 honores,
1106 1825 1138 1879 et
1164 1816 1261 1879 totius
1291 1814 1402 1878 mundi

449 1920 567 1982 variam
578 1917 835 1999 suppellectilem
851 1917 1027 1979 contemnit
1037 1929 1072 1979 ut
1087 1930 1238 1995 stercora,
1247 1926 1285 1980 ut
1300 1918 1401 1980 solum

449 2019 629 2084 lucrifaciat
651 2018 824 2093 Christum,
847 2029 933 2080 ratus
956 2019 1075 2096 omnia,
1099 2039 1170 2102 quae
1197 2018 1402 2102 dispendium

450 2123 543 2187 saluti
564 2123 710 2195 afferunt,
726 2120 873 2184 sordibus
893 2120 1104 2203 aggreganda.
1149 2122 1253 2185 Recte
1271 2120 1401 2205 quidem

450 2236 483 2288 et
502 2223 647 2300 fideliter,
663 2244 701 2285 eo
722 2222 808 2305 quod
829 2222 910 2284 nihil
933 2221 1098 2301 mundum,
1118 2223 1199 2286 nihil
1220 2223 1402 2298 honestum,

449 2325 527 2388 nihil
546 2324 663 2386 decens
678 2323 813 2386 salutern
828 2320 974 2406 impedit,
987 2323 1044 2387 sed
1060 2326 1128 2388 sola
1143 2325 1319 2409 turpitudo,
1331 2347 1402 2410 quae

448 2424 533 2491 sicut
555 2423 699 2502 dedecet,
720 2426 766 2488 sic
786 2436 818 2490 et
839 2425 1004 2489 immunda
1025 2436 1085 2505 est,
1106 2436 1139 2491 et
1161 2438 1248 2491 certe
1270 2429 1402 2506 inutilis,

450 2527 532 2592 adeo
548 2524 711 2602 damnosa,
726 2535 761 2589 ut
775 2527 864 2589 nullo
879 2528 1048 2610 temporali
1065 2530 1283 2592 emolumento
1299 2531 1402 2592 valeat

450 2628 659 2715 compensari.
697 2626 783 2699 Quid
794 2629 878 2692 enim
891 2629 1023 2712 prodest
1035 2631 1169 2709 homini,
1182 2632 1208 2695 si
1221 2633 1401 2695 universum

451 2734 607 2796 mundum
622 2733 771 2808 lucretur,
787 2731 908 2795 faciens
932 2732 1159 2797 detrimentum
1178 2734 1295 2798 animae
1313 2732 1401 2798 suae?

450 2832 594 2909 Etvide,
610 2833 765 2916 quianon
788 2830 872 2896 dixit
893 2832 1050 2898 mundum
1072 2835 1220 2901 inutilem
1241 2837 1298 2899 ubi
1317 2836 1402 2898 salus

451 2934 603 3019 perditur,
620 2933 788 2997 sedetiam
804 2934 859 2997 ubi
875 2935 1027 2998 minuitur
1042 2937 1151 3019 gloria.
1188 2937 1402 3011 Quantumvis

451 3037 582 3100 rutilent
602 3055 746 3118 gemmoe,
761 3056 874 3098 aurum
895 3036 1073 3119 splendeat,
1087 3050 1120 3101 et
1141 3040 1293 3103 omnibus
1315 3041 1402 3102 leno·

452 3140 544 3204 ciniis
574 3139 640 3201 suis
672 3136 808 3201 arrideat
842 3137 992 3217 mundus,
1022 3141 1178 3224 quicquid
1214 3141 1401 3205 munditiam

452 3240 592 3306 hominis
613 3239 752 3322 perimit,
775 3239 960 3318 sordidum3
1000 3241 1089 3325 quod
1115 3241 1265 3306 decorem
1288 3244 1401 3306 animae

450 3342 618 3423 extinguit,
643 3352 752 3423 turpe;
784 3341 872 3422 quod
894 3341 1095 3408 honestatem
1123 3346 1289 3420 subvertit,
1311 3347 1401 3428 igno·

450 3443 620 3506 miniosum
647 3453 705 3506 est.
753 3442 849 3506 Unde
873 3453 905 3506 et
930 3443 1017 3527 apud
1042 3445 1205 3530 antiquos,
1230 3446 1328 3509 etiam
1351 3467 1401 3510 sa·

449 3544 583 3608 lutiferae
598 3543 738 3606 veritatis
752 3543 891 3624 ignaros,
906 3566 1000 3608 omne
1017 3548 1105 3629 quod
1121 3568 1164 3611 ex
1179 3546 1289 3612 debito
1306 3548 1400 3612 officii

452 3648 623 3728 gratuitum
637 3667 706 3710 esse
722 3655 857 3730 oportet,
872 3647 898 3709 si
916 3646 971 3711 fiat
985 3648 1026 3711 ad
1041 3649 1191 3732 pretium,
1206 3651 1239 3712 in
1256 3651 1403 3714 sordibus
1502 3690 1504 3699 ‚

452 3760 686 3830 computantur.
732 3749 842 3832 lpsius
862 3770 991 3835 quoque
1010 3751 1105 3834 pretii
1126 3752 1172 3815 sic
1196 3752 1332 3816 dilatant
1354 3752 1403 3814 in·

451 3849 729 3932 terpretationem;
755 3863 877 3913 utnon
900 3851 995 3915 modo
1018 3855 1201 3936 pecuniam,
1223 3855 1402 3938 speciemve

451 3949 624 4027 contineat,
651 3949 708 4012 sed
734 3951 933 4035 obsequium,
954 3975 1145 4039 omnemque
1166 3977 1307 4039 operam,
1327 3976 1402 4040 qua·

450 4067 545 4118 tenus
559 4051 638 4116 alias
651 4073 716 4114 non
732 4049 877 4115 debetur.
915 4055 1012 4127 Quod
1024 4057 1109 4119 enim
1126 4079 1169 4121 ex
1184 4058 1333 4122 sordibus
1347 4067 1403 4134 est,

452 4153 528 4239 quid
558 4153 618 4217 erit
646 4151 708 4214 nisi
738 4147 924 4214 sordidum?
964 4155 1040 4217 Non
1068 4156 1152 4218 enim
1179 4164 1288 4240 potest
1312 4157 1404 4220 arbor

452 4257 545 4333 malo,
571 4256 692 4319 fructus
714 4256 820 4317 bonos
844 4253 959 4333 facere,
979 4278 1076 4341 quum
1098 4259 1131 4321 in
1155 4280 1194 4321 eo
1215 4259 1262 4323 vis
1284 4270 1403 4325 natura
