3309 5309
693 670 834 726 cal).
866 665 1038 745 xm]
1389 685 1897 732 PoLcharmth.
2470 678 2596 736 209

693 830 972 894 maxime
1016 833 1219 897 elucet
1267 835 1607 920 prudentia
1652 848 1786 912 tua,
1833 837 2005 922 quod
2053 838 2157 903 isti
2201 839 2479 905 nondum
2530 855 2592 905 te

690 933 951 996 omnino
980 935 1269 998 insanum
1303 937 1737 1014 reddiderunt,
1770 939 1882 1023 qui
1917 951 1987 1003 ut
2022 939 2136 1004 tibi
2176 941 2594 1026 applaudant,

693 1051 818 1094 non
853 1035 1044 1098 modo
1080 1036 1240 1110 Diis,
1275 1037 1384 1100 sed
1433 1038 1550 1101 tibi
1600 1039 1744 1124 ipsi,
1770 1052 1833 1103 et
1874 1040 2114 1125 populo
2156 1041 2454 1127 injuriam
2499 1043 2593 1105 fa-

694 1131 895 1198 ciunt.
987 1139 1266 1200 Deorum
1302 1139 1614 1223 siquidem
1653 1141 1953 1205 minuunt
1996 1144 2434 1224 reverentiam,
2462 1168 2595 1229 quo

695 1234 1027 1316 parificant
1073 1236 1210 1301 tibi.
1299 1242 1392 1302 Te
1437 1252 1713 1323 arguunt
1755 1240 2155 1326 insipientiae,
2182 1242 2335 1306 dum
2382 1243 2596 1308 condi-

697 1333 889 1398 tionis
936 1349 1066 1401 tuae
1117 1353 1513 1425 repugnante
1560 1354 1811 1418 natura,
1858 1354 1922 1405 te
1965 1365 2179 1427 parem
2226 1345 2594 1409 numinibus

695 1455 836 1498 esse
910 1438 1290 1521 persuadere
1349 1454 1764 1524 praesumunt.
1885 1445 2059 1505 Nota
2134 1444 2599 1528 superstitionis

695 1534 966 1601 inurunt
991 1539 1325 1625 populum,
1350 1543 1455 1604 cui
1480 1540 1775 1604 mortales
1806 1544 1977 1605 Deos
1999 1564 2117 1627 pro
2138 1544 2600 1608 immortalibus

695 1637 1082 1721 persuadent
1113 1663 1245 1703 esse
1274 1640 1585 1704 colendos
1666 1644 1827 1704 Sane
1857 1642 1921 1703 in
1947 1665 2022 1704 eo
2044 1642 2282 1727 aliquid
2310 1644 2596 1706 divinum

702 1737 821 1802 tibi
866 1738 1066 1803 inesse
1108 1743 1510 1819 monstrabiS,
1561 1743 1610 1806 si
1650 1765 1866 1806 omnes
1911 1743 2084 1821 istos,
2121 1743 2233 1828 qui
2278 1744 2602 1808 divinitati

703 1851 836 1904 tuae
859 1838 1296 1905 fraudulenter
1316 1841 1742 1928 applaudunt,
1763 1841 1895 1926 rapi
1918 1841 2139 1905 feceris
2162 1841 2239 1904 ad
2268 1855 2606 1906 tormenta.

706 1939 869 2012 Quis
898 1940 1064 2003 enim
1112 1942 1393 2006 Deorum
1428 1943 1487 2006 ei
1533 1953 1774 2027 parcat,
1806 1964 1842 2004 a
1871 1964 2002 2026 quo
2034 1964 2098 2004 se
2140 1941 2479 2026 deceptum
2526 1943 2602 2005 iri

704 2040 1050 2124 intelligit?
1110 2041 1272 2116 Quis
1301 2065 1424 2106 non
1456 2043 1661 2106 irruat
1690 2043 1754 2106 in
1793 2066 1960 2124 eum,
1992 2043 2107 2128 qui
2150 2066 2376 2107 aureos
2420 2044 2604 2107 Jovis

705 2139 928 2204 oculos
958 2141 1146 2220 eruit,
1177 2153 1287 2205 aut
1317 2155 1581 2227 argento
1624 2142 2019 2228 gemmisque
2048 2142 2315 2207 sublatis
2345 2148 2601 2207 Vestam

708 2238 938 2303 nititur
994 2246 1358 2305 excaecare?
1438 2243 1596 2319 Quis
1639 2243 1721 2306 de
1782 2245 2014 2307 Martis
2057 2243 2265 2328 capite
2309 2242 2605 2307 adaman-

710 2340 915 2405 tinum
970 2341 1182 2405 lumen
1235 2343 1499 2428 impune
1557 2344 1905 2425 temerariis
1961 2343 2177 2408 effodit
2237 2344 2611 2429 unguibus?

712 2441 961 2526 Nempe
1005 2444 1179 2506 Deos
1209 2442 1575 2520 invisibileS,
1607 2457 1671 2507 et
1716 2443 2102 2507 immortales
2131 2444 2607 2520 circumvenire,

709 2553 775 2605 et
804 2542 895 2604 eis
928 2541 1193 2606 fallaciae
1237 2566 1459 2628 parare
1487 2544 1770 2623 insidiaS,
1799 2544 2110 2627 gravioris
2149 2543 2359 2628 culpae
2388 2555 2501 2618 est,
2535 2568 2612 2607 eo

710 2642 889 2726 quod
920 2642 1001 2705 ab
1031 2643 1130 2706 his
1159 2643 1498 2707 visibilium
1535 2647 1819 2707 Deorum
1850 2643 2095 2705 fabrica
2126 2654 2517 2706 sustentatur
2547 2655 2610 2706 et

711 2742 980 2827 regitur,
1008 2757 1071 2807 et
1101 2745 1400 2807 honorem
1437 2756 1548 2806 aut
1599 2755 2034 2829 contemptum
2085 2743 2199 2828 qui
2245 2741 2384 2805 istis
2427 2744 2611 2806 exhi-

709 2842 925 2920 betur,
969 2843 1063 2907 illi
1107 2855 1535 2907 remunerant.
1627 2844 1691 2905 Si
1740 2846 1907 2926 sapis
1954 2865 2128 2926 erg0,
2187 2845 2504 2925 Auguste,
2545 2843 2611 2907 in

712 2942 1002 3007 Deorum
1050 2945 1262 3006 hostes
1308 2942 1618 3024 insurgeS,
1663 2955 1727 3004 et
1776 2954 1861 3018 te,
1895 2944 1948 3005 si
1994 2964 2120 3004 non
2170 2946 2401 3015 Deum,
2436 2944 2613 3028 quod

712 3066 1122 3130 nequaquam
1156 3064 1244 3117 eS,
1275 3045 1377 3104 vel
1424 3045 1712 3105 Deorum
1746 3055 1810 3104 te
1840 3041 2095 3105 docebis
2125 3064 2256 3105 esse
2286 3043 2615 3122 cultorem,

713 3145 764 3210 si
798 3146 1172 3228 deceptores
1216 3141 1371 3205 istos
1418 3141 1956 3221 exterminaveriS,
1986 3157 2401 3206 excaecatores
2448 3156 2612 3218 tuOS,

712 3250 998 3311 Deorum
1020 3255 1507 3328 contemptores»,
1527 3254 1591 3306 et
1609 3254 2029 3327 utrorumque
2048 3243 2345 3327 injuriam
2366 3248 2613 3329 punias,

715 3349 882 3412 Haec
907 3344 1232 3411 Caecilius,
1324 3344 1546 3407 Factio
1579 3355 1788 3406 tamen
1821 3343 2222 3407 adulatorum
2255 3345 2613 3428 praevaluit,

713 3448 890 3533 quod
942 3458 1007 3510 et
1063 3446 1471 3532 praesentium
1526 3467 1737 3508 rerum
1791 3445 2069 3509 declarat
2122 3456 2343 3508 status.
2435 3447 2614 3511 Adeo

715 3549 998 3633 quidem,
1049 3560 1122 3612 ut
1168 3547 1218 3610 si
1273 3550 1417 3633 quis
1469 3545 1874 3633 popularium
1928 3545 2256 3610 modestiae
2306 3548 2611 3624 consciuS,

716 3648 1154 3713 assentationis
1205 3660 1267 3711 et
1321 3647 1723 3711 scurrilitatis
1768 3647 1925 3710 vitio
1975 3647 2314 3710 crediderit
2375 3660 2613 3734 tempe-

711 3752 1006 3825 randum,
1041 3751 1252 3815 hostes
1279 3749 1557 3812 felicium
1592 3761 1923 3812 censeatur
1963 3766 2076 3813 aut
2120 3748 2395 3813 invidus.
2483 3755 2613 3816 Eo-

712 3875 852 3916 rum
879 3852 1192 3936 siquidem
1217 3872 1399 3912 aures
1421 3861 1654 3913 tenerae
1686 3861 1855 3923 sunt,
1882 3862 1945 3912 et
1968 3849 2103 3932 jam
2134 3849 2613 3916 obsurduerunt

715 3976 887 4029 vero,
911 3964 976 4016 et
1009 3950 1290 4035 linguam
1322 3949 1694 4013 severiorem
1729 3948 1859 4012 sine
1887 3948 2229 4014 offensione
2250 3951 2620 4034 gravissima

715 4075 839 4117 non
872 4051 1247 4115 admittunt.
1338 4052 1412 4113 In
1455 4073 1587 4135 quo
1618 4059 1928 4134 quantum
1962 4073 2001 4113 a
2030 4051 2270 4115 virtute
2299 4050 2632 4139 majorum?

717 4167 875 4217 aetas
901 4164 1118 4215 nostra
1145 4150 1639 4234 degeneraverit,
1666 4151 2070 4236 perspicuum
2102 4161 2220 4224 est,
2244 4168 2444 4232 quum
2516 4148 2548 4217 “,

716 4250 1024 4339 patientia
1067 4260 1180 4314 aut
1230 4249 1504 4325 nullum,
1545 4260 1654 4312 aut
1701 4270 1916 4311 rarum
1960 4269 2096 4312 esse
2143 4268 2308 4328 opus
2356 4244 2523 4322 vit-t]

806 4371 955 4416 vol..
996 4369 1098 4415 111.
1661 4364 1702 4408 Ρ
1851 4364 1861 4375 ·
