3309 5309
361 641 421 701 160
618 660 755 704 Joaums
772 659 1052 706 saansaanrnusrs
1173 647 1255 726 [mn.
1273 666 1308 710 11.

358 812 470 887 tiones,
490 808 609 896 quibus
630 809 809 894 apparebit,
830 811 919 896 quod
943 813 1009 876 vita
1030 813 1100 898 ejus
1120 835 1182 877 nou
1203 815 1309 880 fuerat

357 912 491 976 ulterius
506 908 735 996 protendenda.
769 912 813 974 Et
837 925 872 976 ut
892 911 1022 988 dicitur,
1039 937 1121 998 quos
1143 915 1240 1000 longa
1261 917 1311 979 af-

357 1016 508 1080 flixerunt
535 1012 651 1087 inedia,
669 1013 737 1097 jam
764 1013 899 1077 mortuis
922 1014 1166 1081 sorbitiunculas
1187 1017 1310 1083 faciunt

355 1134 387 1182 et
407 1115 546 1191 inutiles,
562 1126 593 1178 et
614 1113 766 1178 delicatos
783 1128 966 1200 praeparant
989 1115 1085 1180 cibos.
1130 1119 1308 1205 Exspectas

356 1221 439 1283 forte
461 1230 497 1281 ut
518 1217 621 1280 dicam
638 1215 726 1301 quod
747 1217 824 1280 dicit
841 1216 992 1303 populus,
1010 1219 1086 1303 quia
1101 1218 1134 1282 hi
1156 1235 1231 1287 suut
1249 1222 1307 1308 qui

357 1320 498 1385 homiues
511 1317 738 1382 officiocissime
753 1317 912 1383 occidunt.
958 1321 1022 1384 Sed
1038 1320 1167 1386 frustra.
1213 1324 1305 1389 Absit

356 1423 452 1499 enim,
468 1434 504 1485 ut
525 1420 606 1483 hauc
626 1419 849 1484 coutumeliam
870 1420 1041 1504 proferam,
1057 1446 1154 1508 quam
1179 1425 1205 1487 si
1225 1425 1307 1490 sorte

356 1523 467 1590 audire
496 1521 642 1596 volueris,
668 1523 828 1600 Senecam,
855 1522 996 1586 Plinium
1027 1523 1134 1601 adeas,
1157 1539 1189 1590 et
1219 1526 1309 1590 Sido·

356 1627 457 1703 nium,
477 1624 533 1711 qui
552 1624 612 1688 hoc
635 1624 666 1688 in
689 1623 821 1688 auribus
844 1625 907 1690 tuis
929 1624 1065 1690 clamore
1087 1628 1195 1692 valido
1218 1628 1308 1716 repli-

353 1728 482 1794 cabunt.

764 1925 894 1938 —-

644 2076 785 2140 LIBER
807 2076 1019 2143 TERTIUS.

736 2252 916 2298 PROLOGUS.

398 2363 526 2426 Hosius
555 2357 729 2421 multorum
759 2357 812 2436 fio,
838 2358 916 2422 dum
945 2359 1080 2446 ineptias
1110 2371 1302 2443 nugatorum

354 2463 494 2530 excutio.
540 2462 612 2538 Qua
637 2459 677 2523 de
699 2483 794 2524 causa
813 2461 906 2526 otiari
926 2461 1126 2527 decreveram
1150 2474 1182 2526 et
1206 2460 1305 2524 silere,

356 2568 411 2632 sed
441 2565 578 2630 alterum
602 2561 678 2626 mihi
701 2566 901 2646 negotiorum
924 2563 1085 2629 tumultus
1106 2566 1243 2643 excutit,
1264 2562 1306 2625 al-

352 2682 456 2734 terum
478 2679 585 2731 motus
607 2663 704 2727 animi
721 2664 935 2751 interrumpit.
982 2664 1045 2742 Qui
1065 2664 1148 2728 enirn
1172 2665 1233 2729 sub
1249 2686 1302 2750 po-

353 2782 466 2834 testate
488 2767 680 2831 constitutus
705 2778 764 2842 est,
786 2764 813 2829 si
837 2765 919 2851 sapit
941 2766 1141 2851 obtemperat
1169 2765 1301 2851 imperio

352 2869 561 2958 praesidentis.
605 2869 707 2945 Quem
724 2867 845 2931 stimuli
860 2868 1033 2934 affectuum
1057 2880 1221 2954 pungunt,
1244 2866 1304 2930 dia

352 2969 500 3038 simulare
515 2993 578 3035 non
594 2979 709 3056 potest,
724 2969 802 3053 quin
826 2981 992 3033 moveatur
1014 2969 1055 3032 ad
1076 2968 1212 3032 formam
1234 2987 1302 3053 pas·

351 3074 457 3140 sionis.
502 3071 639 3139 Exultat
665 3092 742 3154 ergo
768 3092 865 3156 quem
891 3070 1002 3154 gaudii
1028 3093 1109 3134 aura
1134 3068 1303 3144 demulcet,

351 3196 422 3262 spes
436 3174 559 3239 inducit
580 3171 784 3247 hilaritatem,
801 3184 906 3236 metus
923 3171 1073 3258 trepidat,
1088 3171 1227 3236 dolentis
1240 3169 1304 3233 aui-

351 3298 423 3340 mus
451 3297 587 3340 moerore
615 3270 828 3336 confunditur.
876 3273 956 3338 Haec
982 3272 1069 3358 apud
1096 3271 1239 3358 singulos
1263 3271 1306 3335 al·

350 3389 455 3440 ternat
470 3375 566 3440 facies
581 3375 655 3438 boni
671 3387 727 3439 aut
747 3374 835 3441 mali.
880 3373 1001 3439 Verum
1023 3398 1133 3439 sensus
1149 3374 1303 3439 malorum

349 3476 443 3540 altior
458 3488 517 3551 est,
532 3490 564 3539 et
579 3476 695 3562 saepius
710 3477 741 3540 in
762 3499 871 3541 omues
891 3478 1045 3556 incurrit3
1067 3477 1141 3564 quis
1150 3473 1204 3542 'est
1220 3477 1302 3540 euim

350 3574 407 3662 qui
421 3575 575 3639 malorum
591 3577 762 3661 asperitate
783 3578 901 3664 saepius
920 3601 983 3642 nou
999 3591 1123 3655 uratur,
1136 3599 1235 3664 quam
1250 3576 1304 3640 de-

349 3676 527 3741 mulceatur
548 3678 689 3741 fomeuto
711 3679 893 3743 bonorum?
932 3682 1038 3743 Rarus
1057 3691 1117 3759 est,
1131 3677 1190 3764 qui
1206 3676 1304 3742 totius

347 3775 486 3842 fortunae
501 3778 655 3864 impetum
669 3802 688 3842 a
703 3802 735 3843 se
751 3793 820 3843 toto
832 3780 931 3865 possit
943 3803 1059 3844 arcere.
1106 3779 1170 3856 Qui
1181 3778 1248 3844 suis
1260 3777 1306 3841 vi«

347 3877 437 3943 ribus
459 3878 621 3965 praevalet,
644 3889 701 3944 aut
723 3881 754 3944 in
778 3882 872 3945 amici
894 3893 951 3945 aut
972 3880 1137 3945 familiaris
1160 3900 1303 3965 corpore,

241 4006 244 4012 ·
347 3979 397 4045 vel
413 3989 496 4044 sorte
512 3991 661 4044 tentatur.
709 3979 799 4045 Licet
821 4005 936 4069 parurn
957 3980 1117 4046 humanus
1136 3980 1190 4058 sit,
1206 4002 1301 4066 quem

346 4098 568 4151 extraneorum
585 4083 713 4168 jactura
731 4105 794 4146 non
816 4087 975 4150 concutit:
1015 4082 1177 4148 nonsatis
1206 4080 1301 4145 homo

345 4201 393 4254 est
408 4210 502 4274 quem
519 4184 619 4252 aliena
634 4208 696 4248 non
712 4199 851 4253 movent.
894 4186 956 4252 Sed
974 4184 1222 4273 sapientioribus
1231 4184 1298 4269 jam

344 4292 430 4357 venit
460 4292 491 4356 in
523 4290 670 4367 dubium,
697 4313 737 4354 an
753 4290 926 4380 quicquam
958 4289 1107 4369 hominis,
1135 4299 1220 4354 recte
1246 4286 1294 4354 sit.
