3309 5309
459 689 523 748 220
727 700 864 746 cornuis
879 699 1157 745 sinnsssrunnsrs
1268 680 1348 760 [mn.
1366 701 1410 744 ιν.

461 852 562 916 inesse
577 851 785 937 principibus,
801 851 878 914 dum
895 850 1038 914 homines
1058 849 1191 914 nutibus
1206 871 1316 911 corum
1333 849 1412 912 colla

462 954 667 1029 submittunt,
690 966 721 1015 et
749 953 852 1017 securi
879 951 1069 1037 plerumque
1091 949 1247 1013 feriendas
1269 950 1415 1034 praebeut

461 1055 608 1132 cervices,
622 1068 655 1118 et
670 1053 808 1139 impulsu
823 1051 934 1115 divino
948 1051 1083 1136 quisque
1099 1054 1199 1124 timet,
1213 1049 1332 1136 quibus
1347 1050 1413 1135 ipse

463 1156 569 1220 timori
589 1169 645 1221 est.
692 1154 786 1232 Quod
807 1154 876 1217 fieri
896 1175 988 1239 posse
1011 1174 1072 1214 non
1088 1152 1238 1227 arbitror,
1255 1153 1317 1215 nisi
1331 1163 1412 1214 nutu

462 1255 596 1320 faciente
611 1255 730 1319 divino.
775 1253 888 1316 Omnis
905 1252 987 1315 enim
1004 1265 1145 1338 potestas
1160 1274 1178 1315 a
1192 1251 1324 1315 domino
1344 1255 1413 1315 Deo

462 1369 522 1432 est,
537 1367 570 1420 et
585 1377 657 1419 cum
672 1354 728 1418 illo
743 1354 806 1418 fuit
820 1375 954 1438 semper,
967 1365 998 1417 et
1014 1364 1146 1418 estante
1161 1375 1279 1418 oevum.
1317 1351 1410 1426 Quod

461 1457 562 1542 igitur
585 1459 730 1542 princeps
751 1466 869 1541 potest,
891 1455 937 1517 ita
958 1476 978 1516 a
1000 1458 1071 1518 Deo
1093 1466 1152 1532 est,
1174 1468 1210 1519 ut
1232 1466 1375 1540 potestas
1395 1477 1413 1517 a

462 1559 602 1622 Domino
628 1580 689 1620 non
715 1555 852 1633 recedat,
874 1554 928 1618 sed
952 1579 989 1618 ea
1011 1555 1116 1619 utitur
1137 1578 1194 1640 per
1217 1556 1412 1641 suppositam

461 1681 601 1736 manum,
617 1659 648 1721 iu
664 1657 811 1722 omnibus
826 1655 1002 1720 doctrinam
1020 1656 1139 1720 faciens
1153 1657 1342 1733 clementiae,
1358 1670 1411 1721 aut

457 1761 595 1846 justitiae
617 1783 694 1824 suae.
739 1758 801 1836 Qui
826 1781 903 1842 ergo
923 1757 1042 1822 resistit
1064 1757 1225 1842 potestati,
1243 1759 1307 1821 Dei
1330 1758 1412 1821 ordi·

461 1861 580 1926 nationi
596 1860 724 1939 resistit,
739 1881 836 1944 penes
855 1880 948 1944 quern
970 1870 1017 1921 est
1036 1858 1211 1922 auctoritas
1231 1857 1413 1922 conferendi

461 1984 542 2040 eam,
570 1976 603 2026 et
632 1983 733 2047 quum
757 1959 839 2037 vult,
862 1958 1039 2036 auferendi,
1065 1958 1114 2022 vel
1144 1958 1310 2022 minuendi
1336 1982 1412 2025 eam.

462 2067 576 2148 Neque
587 2062 670 2124 enim
682 2061 821 2147 potentis
830 2072 889 2136 est,
900 2081 1001 2145 quum
1013 2058 1082 2122 vult
1096 2059 1203 2122 saevire
1213 2058 1244 2122 in
1258 2059 1413 2140 subditos,

462 2163 516 2227 sed
532 2162 647 2227 divinae
662 2161 915 2247 dispensationis,
928 2182 987 2246 pro
1002 2158 1199 2245 beneplacito
1215 2182 1274 2224 suo
1289 2160 1412 2246 punire,

462 2263 511 2326 vel
537 2285 681 2325 exercere
707 2261 876 2346 subjectos.
922 2260 1018 2326 Unde
1044 2272 1076 2324 et
1105 2261 1137 2324 in
1166 2261 1413 2347 persequutione

463 2364 670 2438 Hunnorum,
685 2361 786 2426 Attila
803 2361 1019 2446 interrogatus
1038 2384 1058 2424 a
1079 2361 1224 2446 religioso
1245 2363 1411 2447 cujusdam

462 2463 968 2548 civitatisEpiscopo,quisesset;
985 2462 1324 2550 quumrespondisset:
1341 2465 1412 2549 Ego

462 2588 532 2629 sum
548 2563 650 2630 Attila
664 2563 827 2648 flagellum
840 2563 914 2639 Dei,
930 2577 1098 2629 veneratus
1111 2563 1143 2627 in
1159 2586 1197 2628 eo
1212 2577 1248 2628 ut
1265 2565 1412 2630 scribitur

461 2667 599 2730 divinam
618 2667 812 2751 majestatem
828 2665 1013 2751 episcopus;
1044 2668 1141 2743 Bene,
1157 2663 1277 2752 inquit,
1293 2668 1411 2732 venerit

461 2768 605 2832 minister
621 2767 702 2830 Dei:
727 2779 759 2829 et
774 2765 872 2830 illud:
911 2765 1105 2830 Benedictus
1127 2766 1184 2852 qui
1203 2767 1338 2832 venitin
1360 2790 1413 2832 no·

463 2870 545 2932 mine
573 2866 703 2931 Domini
728 2867 937 2950 ingeminans,
959 2867 1103 2931 reseratis
1128 2867 1267 2931 ecclesiae
1292 2868 1412 2933 foribus

461 2982 721 3055 persequutorem
741 2968 880 3045 admisit,
904 2992 960 3053 per
983 2990 1079 3053 quem
1101 2983 1133 3033 et
1153 2983 1346 3056 assequutus
1366 2982 1410 3034 est

461 3071 603 3158 martyrii
620 3075 767 3156 palmam.
807 3070 984 3154 Flagellum
1001 3071 1082 3133 enim
1100 3070 1229 3134 Domini
1245 3071 1410 3136 excludere

462 3194 524 3235 non
539 3171 689 3248 audebat,
705 3172 805 3234 sciens
826 3170 903 3255 quia
918 3170 1053 3234 dilectus
1068 3167 1154 3234 filius
1174 3170 1365 3255 flagellatur,
1380 3182 1410 3234 et

461 3296 518 3336 nec
532 3273 633 3358 ipsius
647 3271 764 3356 llagelli
781 3294 848 3335 esse
864 3271 957 3335 nisis
974 3271 1112 3335 Domino
1127 3285 1332 3354 potestatem.
1379 3271 1411 3335 Si

461 3376 570 3457 itaque
592 3373 672 3435 adeo
694 3372 880 3436 venerabilis
904 3387 952 3436 cst
974 3371 1067 3436 bouis
1089 3385 1240 3457 potestas,
1263 3374 1357 3439 etiam
1378 3376 1409 3437 in

461 3471 555 3558 plaga
570 3473 751 3548 electorum,
769 3474 842 3556 quis
857 3495 925 3535 eam
941 3495 1004 3534 non
1020 3485 1200 3551 veneretur,
1215 3495 1291 3557 ques
1306 3496 1326 3536 a
1345 3478 1408 3538 Do-

461 3574 546 3635 mino
565 3571 713 3636 instituta
733 3585 792 3648 est,
812 3572 854 3635 ad
876 3571 1047 3635 vindictam
1071 3570 1324 3648 malefactorum,
1344 3571 1409 3634 lau-

461 3674 534 3738 dem
550 3697 624 3738 vero
636 3675 803 3754 bonorum,
815 3688 846 3738 et
856 3675 982 3759 legibus
994 3674 1164 3739 devotione
1175 3677 1409 3763 promptissima

459 3774 655 3839 famulatur?
678 3775 951 3861 Dignasiquidem
968 3799 1031 3841 vox
1043 3787 1101 3852 est,
1112 3786 1150 3840 ut
1160 3777 1205 3841 ait
1220 3778 1408 3862 Imperator,

459 3877 623 3963 majestate
646 3878 819 3959 regnantis,
839 3901 871 3940 se
894 3878 1020 3963 legibus
1042 3877 1210 3963 alligatum
1233 3880 1407 3966 principem

458 3976 609 4064 profiteri.
655 3976 739 4050 Quia
754 3977 794 4039 de
811 3977 896 4061 juris
911 3980 1109 4055 auctoritate,
1126 3979 1281 4065 principis
1296 3981 1409 4066 pendet

458 4078 648 4151 auotoritas3
677 4089 709 4139 et
731 4098 841 4139 revera
862 4079 965 4162 majus
987 4078 1122 4164 imperio
1144 4095 1204 4155 est,
1228 4079 1409 4146 submittere

459 4180 581 4264 legibus
611 4177 844 4263 principatum3
880 4192 916 4242 ut
947 4181 1024 4244 uilril
1054 4179 1114 4244 sibi
1144 4180 1296 4266 princeps
1319 4181 1408 4246 licere

460 4284 618 4365 opinetur,
634 4278 721 4364 quod
738 4279 905 4366 ajustitiae
922 4281 1074 4366 aequitate
1089 4280 1259 4347 discordet.
