3309 5309
346 661 407 720 230
605 674 740 717 minuis
757 672 1036 717 ssnssnnmsusm
1152 658 1235 734 [arn.
1254 675 1295 718 1v.

344 825 509 911 populum.
556 825 720 910 Frequens
735 823 816 888 enim
833 836 894 900 est,
905 836 941 888 ut
958 823 1080 888 subditi
1096 824 1294 909 superiorum

346 928 424 990 vitia
438 928 614 1006 imitentur,
630 927 707 1012 quia
728 925 929 1011 magistratui
953 925 1093 1011 populus
1108 925 1219 990 studet
1233 948 1298 990 esse

349 1027 528 1103 conformis,
554 1039 586 1091 et
613 1027 834 1112 unusquisque
859 1025 996 1090 libenter
1020 1025 1155 1111 appetit,
1177 1025 1210 1088 in
1237 1047 1300 1110 quo

348 1125 443 1190 alium
460 1128 560 1191 cernit
573 1127 738 1192 illustrem.
777 1125 910 1192 Celebre
925 1138 973 1190 est
988 1126 1069 1190 illud
1082 1125 1300 1190 versificatoris

350 1227 481 1311 egregii,
490 1249 615 1292 sensum
632 1239 664 1291 et
676 1226 771 1290 verba
787 1226 893 1310 magni
909 1226 1069 1291 Theodosi
1085 1226 1300 1312 exprimentis,

458 1342 490 1392 ln
502 1360 635 1395 commune
643 1342 720 1414 jubes
733 1343 755 1394 si
767 1342 839 1410 quid,
850 1358 974 1394 censesve
985 1342 1138 1407 tenendum,

457 1427 560 1479 Primus
568 1430 643 1500 jussa
655 1427 728 1479 subi:
747 1433 808 1479 tunc
819 1427 995 1480 observantior
1008 1429 1077 1497 aequi

454 1514 500 1565 Fit
511 1513 629 1584 populus,
641 1531 689 1565 uec
700 1511 767 1564 ferre
777 1518 867 1580 negat,
880 1530 959 1583 quum
971 1514 1066 1566 viderit
1077 1514 1164 1585 ipsum

458 1599 598 1651 Auctorem
608 1614 699 1670 parere
711 1597 769 1649 sibi.
806 1599 976 1669 componitur
989 1599 1059 1652 orbis

457 1685 540 1751 Regis
552 1685 586 1737 ad
598 1683 753 1755 exemplum,
764 1701 812 1736 nec
824 1684 861 1736 sic
872 1683 1006 1736 inflectere
1017 1702 1111 1737 sensus

460 1771 598 1823 Humanos
611 1770 696 1822 edicta
708 1769 803 1832 valent,
815 1786 894 1838 quam
904 1769 959 1821 rita
970 1771 1095 1837 regentis.

459 1856 560 1909 Mobile
572 1860 687 1908 mutatur
698 1871 799 1925 semper
809 1871 867 1907 cum
878 1854 992 1925 principe
1003 1854 1105 1923 vulgus.

355 1961 472 2023 Verum
503 1958 700 2044 singulorum
731 1958 898 2022 facultates
927 1981 1132 2045 nequaquam
1161 1962 1300 2023 omnium

353 2060 453 2145 copiis
468 2059 689 2145 adaequantur.
714 2063 764 2124 De
776 2059 889 2125 loculis
900 2061 1038 2146 propriis
1048 2060 1187 2147 quilibet
1199 2061 1304 2140 sumit,

354 2172 387 2226 at
399 2174 540 2244 potestas
554 2162 594 2224 de
607 2184 679 2224 arca
694 2160 824 2246 publica
836 2159 887 2224 vel
900 2161 1025 2226 cimelio
1040 2161 1167 2225 haurit:
1192 2184 1266 2247 quae
1280 2161 1305 2224 si

352 2262 433 2324 forte
456 2261 616 2338 defecerit,
638 2261 678 2325 ad
702 2261 900 2346 singulorum
924 2262 1097 2328 recurritur
1126 2263 1303 2328 facultates.

353 2363 459 2448 Atqui
481 2366 640 2448 privatum
665 2385 825 2450 quemque
848 2364 913 2428 suis
934 2386 1058 2428 necesse
1081 2378 1129 2430 est
1151 2389 1219 2430 esse
1233 2388 1304 2429 cou-

353 2476 488 2528 tentum.
533 2466 611 2541 Quae
627 2465 651 2529 si
667 2464 785 2530 fuerint
801 2478 985 2543 extenuata,
1000 2466 1057 2552 qui
1070 2489 1157 2532 nunc
1165 2466 1305 2553 potentis

355 2565 525 2651 appetebat
547 2565 715 2652 fulgorem,
738 2581 928 2654 paupertate
950 2566 1098 2633 sordidus
1116 2567 1306 2633 confusionis

356 2690 422 2731 suae
434 2669 579 2734 tenebras
589 2669 756 2734 erubescit.
788 2668 870 2733 Inde
885 2670 980 2733 etiam
992 2670 1306 2736 Lacedremoniorum

355 2768 493 2848 decreto,
522 2773 736 2856 potestatibus
764 2770 796 2834 in
827 2794 887 2836 usu
918 2772 1118 2858 publicorum
1149 2773 1305 2838 bonorum

354 2873 490 2956 parcitas
511 2873 632 2939 indicta
653 2888 712 2951 est,
735 2875 812 2937 dum
835 2887 939 2939 tamen
962 2875 1172 2941 boereditariis
1195 2876 1253 2953 uti,
1275 2887 1307 2939 et

357 2971 408 3035 bis
429 2997 504 3059 quae
527 2974 687 3060 pinguiori
711 2975 842 3037 fortuna
863 2975 1030 3054 accedunt,
1051 2977 1212 3041 communi
1236 2977 1308 3063 jure

358 3074 461 3140 liceat.

359 3359 439 3442 Cap.
456 3365 484 3421 5.
512 3359 604 3433 Quod
625 3360 809 3440 principem
839 3369 965 3422 castum
993 3379 1062 3422 esee
1090 3367 1249 3442 oporteat,
1277 3365 1308 3420 et

652 3461 827 3524 avaritiam
843 3461 1016 3524 reclinare.

404 3628 553 3691 Amnem
574 3627 642 3690 lex:
668 3631 741 3692 Non
765 3629 895 3693 habebit
920 3651 1034 3692 uxores
1056 3629 1223 3716 plurimas,
1234 3652 1307 3715 quae

358 3725 494 3791 afficiant
516 3729 651 3792 animam
675 3731 752 3815 ejus.
799 3730 940 3795 Licitum
965 3730 1095 3817 quidem
1125 3731 1189 3798 fuit
1212 3752 1310 3816 quan·

359 3826 465 3911 doque
479 3829 510 3890 in
533 3831 654 3913 populo
670 3830 744 3907 Dei,
768 3843 804 3896 ut
827 3829 1045 3918 propagandae
1068 3831 1187 3896 sobolis
1208 3830 1310 3916 gratia

359 3940 391 3992 et
407 3926 531 3989 fidelem
552 3929 706 4013 populum
730 3930 896 4007 dilatandi,
919 3931 1028 4017 plures
1049 3933 1124 4018 quis
1147 3931 1311 3997 sortiretur

361 4051 485 4095 uxores.
552 4030 592 4091 In
621 4033 804 4117 exemplum
840 4034 977 4100 licentiae
1010 4034 1109 4120 hujus
1142 4043 1310 4098 occurrunt

360 4131 562 4210 Patriarchae‚
573 4155 672 4217 quum
689 4134 766 4199 Sera
775 4159 832 4200 usa
844 4137 884 4202 sit
890 4138 966 4223 jure
976 4159 1045 4212 suo,
1055 4158 1189 4222 corpore
1198 4134 1310 4200 scilieet

361 4235 508 4311 Abrabae,
529 4233 560 4297 in
584 4247 675 4300 utero
698 4235 810 4314 alieno,
834 4237 956 4301 ancillae
978 4235 1164 4314 ministerio,
1185 4236 1224 4301 de
1246 4235 1310 4299 viro
