3309 5309
348 635 388 692 74
594 646 729 692 ausurus
745 643 1023 690 saansaaarausrs
1167 625 1248 704 [nur.
1268 644 1309 690 11.

347 819 405 882 per
430 809 591 862 momenta
619 797 806 884 praedonum
836 793 989 860 satellites
1014 793 1191 880 rapiebant.
1240 795 1307 858 Pro

346 900 464 985 quibus
485 903 597 983 ingens
619 899 734 962 mulier
755 899 844 962 velut
868 898 989 976 insana,
1008 897 1076 983 jam
1099 895 1239 982 quadam
1264 919 1308 961 ex

345 1000 564 1085 indignatione
586 1000 795 1086 fatigabatur,
817 1000 862 1064 ita
886 1013 923 1065 ut
947 999 1109 1063 interdum
1136 997 1308 1084 praedones

347 1101 523 1164 maledictis
535 1105 567 1165 iu
580 1124 686 1165 necem
700 1100 760 1175 sui,
772 1114 803 1164 et
815 1099 961 1164 convitiis
972 1099 1149 1183 instigaret.
1185 1100 1305 1165 Verum

346 1226 446 1289 quum
464 1226 567 1291 neque
578 1203 722 1268 irritatus
734 1203 918 1288 quisquam,
926 1225 1031 1286 neque
1043 1200 1222 1281 miseratus,
1234 1225 1305 1266 eam

346 1307 551 1392 opprimeret,
568 1319 600 1370 et
619 1307 644 1371 si
668 1305 747 1390 quid
771 1306 854 1369 forte
870 1305 932 1369 cibi
955 1304 1067 1369 fuisset
1091 1304 1132 1368 ab
1155 1328 1193 1368 ea
1214 1329 1307 1390 quae-

347 1408 456 1485 situm,
471 1408 504 1472 id
521 1409 562 1473 ab
577 1408 646 1471 aliis
668 1421 877 1494 quaereretur,
896 1430 952 1470 nec
970 1408 1037 1493 jam
1054 1428 1189 1493 usquam
1213 1429 1306 1493 repe·

346 1509 447 1572 riendi
471 1511 562 1596 copia
577 1511 678 1591 lieret,
692 1509 792 1573 fames
812 1522 919 1572 autem
944 1506 1014 1570 dira
1028 1508 1205 1572 visceribus
1226 1507 1306 1594 ipsis

346 1611 515 1688 insisteret,
530 1635 566 1675 ac
583 1610 752 1685 medullis:
777 1623 808 1674 et
824 1610 864 1674 ad
881 1610 1021 1673 furorem
1038 1621 1225 1694 perurgeret
1235 1613 1306 1696 jam

346 1713 460 1788 inedia,
477 1712 560 1776 fame
583 1725 614 1777 et
637 1713 694 1792 ira,
709 1712 854 1797 pessimis
877 1733 934 1775 usa
956 1710 1179 1788 cosultoribus,
1194 1724 1307 1776 contra

346 1815 415 1900 ipsa
432 1816 501 1901 jam
516 1829 657 1880 armatur
675 1816 752 1901 jura
767 1828 901 1878 naturae.
947 1816 1028 1877 Erat
1044 1837 1182 1900 namque
1198 1815 1226 1878 ei
1243 1816 1305 1880 sub

348 1917 500 1981 uberibus
530 1919 683 2001 parvulus
712 1914 815 1978 lilius:
853 1915 940 1978 bunc
962 1929 1036 1978 ante
1057 1917 1167 1978 oculos
1189 1915 1305 1997 ferens,

348 2018 502 2093 Infelicis,
518 2018 636 2102 inquit,
652 2017 761 2080 matris
777 2040 796 2080 o
810 2017 966 2080 infelicior
986 2017 1044 2095 fili,
1060 2021 1092 2081 in
1108 2017 1203 2094 bell0‚
1219 2018 1305 2084 fame

348 2129 379 2184 et
394 2119 571 2204 direptione
586 2117 787 2203 praedonum,
802 2118 851 2182 cui
876 2133 908 2182 te
924 2117 1115 2184 reservabo?
1145 2124 1175 2184 N
1178 2143 1229 2183 am
1246 2121 1305 2186 etsi

349 2219 414 2284 vita
429 2218 548 2303 sperari
564 2228 681 2303 posset,
696 2231 726 2280 et
745 2220 827 2303 jugo
850 2220 1003 2283 Romanae
1027 2221 1187 2284 servitutis
1210 2244 1305 2307 urge·

348 2344 438 2385 mur:
480 2319 535 2385 sed
563 2342 647 2383 nunc
677 2319 770 2382 etiam
801 2321 901 2407 ipsam
933 2322 1116 2387 servitutem
1148 2324 1304 2408 praevenit

349 2422 458 2487 fames.
504 2420 678 2486 Praedones
702 2444 776 2486 vero
800 2436 939 2510 utraque
957 2425 986 2488 ri
1012 2425 1172 2509 graviores
1195 2447 1306 2510 perur-

349 2535 434 2609 gent.
479 2523 558 2587 Veni
578 2546 654 2609 ergo
677 2545 761 2587 nunc
783 2548 802 2586 ο
824 2524 867 2587 mi
883 2539 976 2591 nate:
1007 2539 1075 2592 esto
1093 2527 1305 2607 matricibus,

348 2624 554 2711 pradonibus
569 2625 670 2702 furor,
684 2627 807 2690 saeculis
818 2625 941 2704 fabula,
953 2650 1027 2714 qua:
1043 2628 1109 2693 sola
1120 2628 1229 2693 deerat
1241 2630 1308 2695 cla·

349 2726 444 2792 dibus
456 2728 475 2792 J
479 2728 656 2792 udaeorum.
686 2729 729 2791 Et
742 2749 843 2814 quum
856 2729 925 2793 hoec
938 2730 1078 2807 dixisset,
1093 2731 1187 2797 simul
1201 2731 1303 2798 filium

346 2830 488 2915 jugulat.
535 2832 621 2894 Tum
645 2829 759 2895 deinde
782 2831 848 2916 igni
875 2834 1111 2919 superpositum
1136 2847 1248 2913 torret,
1271 2849 1303 2900 et

348 2930 488 2995 medium
506 2932 627 3018 quippe
644 2932 768 2996 edendo
782 2936 952 3010 consumit,
965 2934 1104 2999 medium
1118 2959 1194 3000 vero
1209 2959 1307 3003 reser-

350 3047 403 3099 vat
419 3035 593 3100 obtectum.
639 3036 684 3100 Et
707 3058 777 3099 ecce
793 3036 959 3103 confestim
984 3038 1150 3123 praedones
1165 3041 1306 3116 irruunt,

349 3136 505 3200 ambustae
530 3136 631 3200 carnis
655 3136 766 3201 nidore
790 3153 954 3224 concepto,
973 3152 1107 3203 mortem
1131 3139 1306 3217 minantur,

350 3239 410 3302 uisi
425 3239 491 3303 sine
507 3260 595 3301 mora
613 3239 711 3314 cibos,
728 3263 809 3324 quos
833 3254 962 3324 paratos
986 3254 1160 3319 senserant,
1174 3241 1307 3307 demon·

350 3349 473 3404 straret.
505 3338 599 3404 Tunc
614 3340 679 3422 illa,
691 3341 852 3427 Equidem
869 3355 1005 3428 partem,
1021 3343 1138 3429 inquit,
1150 3342 1307 3428 optimam

350 3439 441 3504 vobis
455 3441 631 3506 reservavi:
657 3455 689 3507 et
703 3443 865 3519 continuo,
879 3467 953 3528 quae
968 3445 1190 3529 superfuerant
1205 3467 1307 3510 mem·

349 3541 419 3618 bra,
435 3541 551 3606 retexit
571 3541 710 3607 infantis.
756 3548 798 3608 A:
821 3543 893 3607 illos
908 3560 1037 3630 repente
1059 3545 1172 3632 ingens
1194 3545 1309 3611 horror

350 3645 476 3727 invasit,
498 3658 530 3711 et
557 3647 701 3712 crudeles
728 3648 873 3731 quamvis
899 3651 1007 3727 animi,
1030 3652 1210 3737 diriguere:
1243 3674 1306 3717 vox

350 3748 499 3814 faucibus
512 3749 685 3814 interclusa
699 3763 755 3815 est.
797 3750 859 3814 Illa
874 3774 949 3815 vero
964 3755 1045 3819 truci
1062 3754 1164 3829 vultu,
1181 3767 1213 3818 et
1228 3753 1309 3841 ipsis

350 3850 444 3915 etiam
457 3850 662 3936 praedonibus
674 3851 893 3930 truculentior,
908 3858 1013 3936 Meus,
1025 3856 1142 3942 inquit,
1153 3854 1237 3920 filius
1247 3867 1310 3934 est,

351 3975 440 4016 meus
457 3966 504 4016 est
529 3966 652 4038 partus,
670 3967 702 4018 et
725 3953 849 4021 facinus
875 3979 980 4020 meum
1006 3971 1063 4022 est.
1108 3958 1218 4034 Edite,
1232 3981 1309 4023 nam

349 4068 381 4120 et
406 4078 466 4139 ego
492 4055 579 4140 prior
601 4055 735 4135 comedi,
758 4079 833 4141 quae
860 4059 966 4144 genui.
1014 4060 1122 4125 Nolite
1146 4059 1227 4124 effici
1253 4068 1312 4125 aut

350 4171 450 4224 matre
478 4157 696 4241 religiosiores,
721 4170 778 4221 aut
803 4159 935 4224 foemina
962 4160 1135 4226 molliores:
1168 4161 1310 4247 quodsi

350 4282 404 4325 vos
413 4261 514 4347 pietas
525 4260 634 4337 vincit,
642 4272 674 4326 et
685 4260 873 4325 execramini
885 4263 972 4328 cibos
982 4287 1078 4341 meos,
1085 4287 1145 4349 ego
1155 4265 1309 4350 quaejam
