3309 5309
346 663 416 707 cun.
433 645 480 723 u]
714 663 968 710 Pouvcnarrcus.
991 724 993 728 ι

455 813 488 864 ln
498 813 585 883 precio
596 813 710 884 precium
721 831 788 864 nuno
800 818 850 876 est,
862 812 907 864 dat
919 832 1010 867 census
1021 816 1130 869 honores

486 897 588 948 Census
598 895 725 947 amicitias
736 915 743 948 r
761 913 858 966 pauper
870 897 965 965 ubique
972 900 1054 970 jacet.

346 999 458 1082 Longe
480 995 593 1060 utilius
620 994 751 1081 quidam
775 1018 899 1058 omnem
923 999 1086 1062 materiam
1103 1000 1297 1085 jurgiorum,

317 1176 319 1178 V
345 1113 376 1163 et
391 1120 518 1162 causam
543 1096 620 1176 odii,
635 1119 653 1160 a
669 1097 733 1160 suis
754 1097 989 1183 rebuspublicis
1008 1101 1218 1164 exterminare
1234 1116 1302 1166 stu·

345 1200 499 1278 dueruut,
529 1212 566 1262 ut
593 1221 688 1261 causa
713 1198 889 1278 deficiente,
915 1199 1047 1264 effectus
1077 1201 1206 1265 malitiae
1229 1226 1302 1265 eva-

346 1311 506 1363 nesceret:
537 1296 631 1383 quale
647 1307 693 1359 est
709 1296 871 1360 decretum
890 1299 1034 1384 Lycurgi
1051 1300 1136 1386 apud
1149 1301 1300 1367 Lacedae-

347 1424 464 1481 mones,
480 1415 512 1464 et
531 1401 563 1463 in
590 1399 720 1485 antiqua
744 1398 880 1474 Graecia,
901 1423 974 1484 quae
994 1423 1079 1464 nunc
1099 1425 1173 1486 pars
1198 1405 1300 1470 ltaliae

344 1517 403 1583 est,
431 1504 529 1569 Samii
552 1502 695 1566 doctrina
722 1501 928 1586 Pythagorae,
954 1503 1011 1587 qui
1037 1505 1299 1569 constitutionum

347 1629 478 1683 suarum
504 1606 616 1668 robore
641 1616 673 1666 et
701 1606 833 1678 virtute,
865 1615 964 1666 totam
993 1603 1131 1666 traditur
1162 1628 1300 1671 servasse

348 1708 484 1774 ltaliam.
531 1708 663 1772 Utinam
687 1727 799 1770 aurum
822 1727 893 1768 eum
914 1718 1045 1789 argento
1069 1704 1207 1780 vilescat,
1224 1708 1300 1772 dum

347 1808 386 1872 sit
403 1806 469 1871 sola
485 1806 587 1870 virtus
602 1806 633 1869 iu
655 1805 773 1892 precio,
789 1817 820 1868 et
838 1804 892 1867 illa
914 1827 1053 1889 quorum
1070 1827 1163 1868 usum
1180 1807 1300 1890 optima

346 1911 413 1974 dux
429 1908 558 1972 vivendi
572 1921 698 1982 natura,
715 1905 926 1969 commendat.
970 1908 1097 1991 Pauper
1112 1905 1222 1992 itaque
1237 1931 1299 1972 non

342 2009 474 2095 jacebit,
490 2031 546 2071 nec
555 2008 645 2071 dives
655 2006 750 2071 solius
761 2007 904 2093 pecuniae
916 2006 1069 2070 beneficio
1080 2008 1300 2087 honorabitur,

346 2109 654 2195 dumnnusquisque
676 2109 847 2194 suiipsius
869 2110 944 2173 dote
968 2109 1027 2173 erit
1050 2110 1082 2173 in
1107 2110 1226 2195 precio,
1250 2111 1300 2174 vel

348 2214 486 2276 vilescet.
530 2215 630 2275 Porro
653 2209 800 2296 quaedam
824 2234 843 2273 a
865 2235 909 2289 se,
932 2211 1077 2296 quaedam
1101 2213 1142 2276 ab
1165 2212 1298 2276 aliorum

347 2314 495 2400 opinione
518 2313 635 2377 babent
651 2314 748 2398 precii
772 2295 973 2400 dignitatem.
1019 2313 1114 2379 Panis
1130 2315 1299 2401 siquidem,

347 2430 401 2481 aut
418 2416 576 2490 victualia,
593 2436 668 2500 quae
683 2416 715 2478 in
732 2415 899 2495 alimentis,
915 2429 971 2480 aut
986 2416 1180 2481 indumentis
1195 2441 1301 2481 neces·

346 2519 436 2582 sariis
451 2531 606 2594 constant,
622 2516 762 2581 dictante
777 2533 891 2582 natura
914 2531 988 2581 sunt
1006 2519 1126 2603 ubique
1142 2531 1298 2582 terrarum

346 2621 378 2683 in
395 2622 510 2706 precio.
555 2621 635 2696 Quae
646 2641 754 2681 sensus
766 2619 938 2692 oblectant,
955 2618 1142 2681 naturaliter
1150 2619 1300 2682 omuibus

347 2733 440 2805 grata
462 2732 544 2784 sunt.
591 2718 679 2792 Quid
710 2718 835 2781 multa?
874 2719 954 2794 Quae
977 2729 1101 2780 naturae
1129 2730 1214 2796 suut,
1236 2739 1298 2781 uon

347 2821 443 2885 modo
453 2821 561 2883 eadem
574 2846 582 2892 ς
601 2819 654 2882 sed
668 2820 776 2903 vigent
786 2819 871 2904 apud
883 2841 1001 2882 omues.
1047 2822 1129 2892 Quae
1141 2818 1299 2904 opinionis

344 2923 513 2988 arbitrium
524 2934 712 3006 sequuntur,
723 2922 843 2984 incerta
853 2934 942 2985 sunt:
959 2935 989 2984 et
1003 2920 1129 2984 sicutad
1146 2920 1299 3006 placitum

346 3037 432 3104 sunt,
448 3025 494 3087 ita
509 3039 538 3084 et
556 3021 594 3083 ad
611 3022 765 3106 placitum
781 3036 982 3086 evanescunt.
1022 3027 1095 3087 Non
1108 3022 1212 3085 fuerat
1223 3044 1299 3106 ergo

348 3124 526 3191 timendum
540 3125 741 3208 Imperatori,
757 3148 796 3187 ne
809 3125 939 3189 materia
948 3124 1207 3189 commerciorum
1222 3122 1302 3186 defi·

344 3240 441 3303 ceret,
449 3247 551 3310 quum
561 3224 655 3288 etiam
666 3225 864 3309 adhucapud
876 3223 1139 3288 illosvenalitium
1150 3223 1301 3308 frequens

345 3331 397 3408 sit,
407 3328 464 3413 qui
477 3326 643 3411 pecuniam
652 3349 715 3388 non
728 3338 895 3390 noverunt.
944 3325 1014 3394 Scio
1030 3324 1190 3410 equidem,
1202 3337 1300 3389 tantae

346 3428 509 3516 sapientiae
524 3428 621 3491 fuisse
639 3428 849 3502 Salomonem,
865 3440 900 3492 ut
916 3449 1077 3513 nunquam
1094 3426 1246 3503 timuerit,
1260 3451 1299 3491 ue

346 3541 672 3614 aurumetargentum
681 3519 845 3594 vilesceret
854 3530 1141 3615 posteris,quorum
1153 3541 1299 3593 naturam

348 3632 479 3695 videbat
488 3653 553 3693 esse
560 3630 747 3704 famelicam,
755 3642 785 3693 et
798 3653 857 3715 pro
868 3643 957 3715 parte
968 3628 1189 3692 maximanihil
1200 3630 1299 3707 aliud,

348 3753 444 3819 quam
460 3735 623 3816 pecuniam
639 3734 767 3796 esurire.
791 3731 889 3794 Unde
905 3754 962 3817 per
978 3730 1163 3816 inspiratam
1179 3731 1301 3817 sapien-

348 3833 705 3917 tiam,haucrubiginem
720 3857 776 3896 rex
786 3833 952 3896 contemsit
963 3833 1119 3918 egregius,
1131 3832 1214 3896 utad
1225 3856 1297 3896 con·

348 3947 481 3999 temtum
499 3933 640 4019 pecuuiae
657 3933 807 4019 suiipsius
822 3933 968 4018 exemplo
980 3946 1122 4017 posteros
1138 3932 1295 3996 invitaret.

350 4039 509 4100 Praeterea
523 4058 628 4118 regem
644 4059 710 4099 esse
725 4036 855 4121 expedit
878 4036 1053 4120 copiosum,
1068 4036 1114 4098 ita
1129 4047 1245 4107 tamen,
1262 4046 1299 4096 ut

348 4135 476 4199 divitias
499 4157 570 4199 suas
594 4135 703 4220 populi
727 4147 865 4222 reputet.
911 4136 984 4197 Non
1002 4134 1131 4197 babebit
1154 4152 1229 4210 ergo
1251 4129 1298 4190 di-

351 4235 453 4312 vitias,
468 4258 548 4318 quas
571 4235 695 4297 nomine
716 4235 817 4297 alieno
841 4233 994 4316 possidet,
1015 4254 1073 4296 nec
1097 4230 1156 4292 sibi
1176 4227 1299 4312 privata
