3309 5309
343 683 362 737 4
603 695 737 739 sonurus
753 690 1034 739 sauesnamausrs

349 845 403 911 Sic
417 845 514 930 igitur
529 867 629 929 nugas
644 867 780 931 sparges,
796 867 837 908 ne
854 844 951 908 toedia
965 845 1109 929 gignant,

390 950 475 1025 Quae
490 948 584 1014 rebus
599 949 681 1013 laetis
696 961 769 1013 sunt
784 947 914 1012 inimica
929 947 1032 1014 nimie.

350 1052 384 1117 Si
395 1051 490 1138 jubet
505 1064 541 1116 ut
556 1073 655 1135 nugas
669 1051 778 1135 agites,
795 1071 916 1134 nugare
931 1049 1102 1117 decenter:

395 1155 477 1220 Nam
493 1153 554 1219 sibi
568 1176 626 1239 per
641 1176 740 1238 nugas
755 1153 837 1217 serie
851 1152 960 1216 credet
973 1152 1036 1237 agi.

351 1256 494 1322 Utilibua
508 1278 619 1340 nugae,
636 1256 680 1320 sic
695 1269 784 1342 aptes
799 1255 881 1318 serie
896 1254 989 1334 ludis,

394 1359 442 1424 Ut
457 1358 515 1423 tibi
530 1358 571 1422 sit
585 1357 728 1443 gravium
744 1355 833 1419 nulla
848 1355 991 1419 timenda
1005 1377 1127 1419 manus.

353 1463 386 1528 Si
397 1462 493 1548 jubet
506 1473 543 1526 ut
556 1472 672 1538 taceas,
688 1470 792 1523 statua
806 1457 991 1522 taciturnior
1005 1470 1083 1530 esto.

395 1563 465 1628 Nec
481 1563 617 1628 redimas
632 1561 729 1645 signia
744 1560 842 1624 verba
857 1572 972 1644 negata
987 1560 1056 1624 tibi.

351 1670 457 1746 Quum
474 1665 604 1730 satiatus
619 1664 690 1743 erit,
707 1663 757 1727 vel
772 1685 872 1750 quum
889 1663 1010 1746 majora
1026 1661 1193 1737 vocabunt,

393 1766 461 1834 Ora
475 1766 652 1830 conductus
667 1764 761 1828 detur
777 1777 812 1827 ut
826 1763 901 1828 inde
917 1764 986 1827 tibi.

351 1869 365 1932 l
383 1867 475 1946 citus,
490 1880 586 1954 atque
602 1865 689 1942 redi;
712 1887 752 1928 ue
768 1886 905 1951 quorum
920 1886 1050 1949 carpere
1066 1886 1165 1948 nugas

394 1972 501 2033 Ausus
515 1991 560 2045 es,
576 1968 724 2051 infligant
738 1966 813 2041 tela,
831 1989 1008 2053 necemque
1025 1979 1148 2052 parent.

354 2073 466 2136 Unum
481 2068 647 2134 discedens
663 2080 784 2133 secreta
798 2069 904 2155 profer
918 2070 951 2133 in
967 2092 1061 2133 aure:

395 2172 669 2258 Quicquidagent
683 2171 746 2247 alii,
764 2184 798 2235 tu
814 2183 1020 2236 memoresto
1035 2173 1092 2237 tui.

354 2276 501 2361 Quaeque
517 2297 590 2340 caro
605 2274 738 2355 foenum,
752 2274 809 2338 flos
824 2274 912 2351 foeni,
928 2274 1030 2359 gloria
1045 2275 1157 2355 carnis,

397 2378 479 2442 Hoec
494 2378 572 2441 nihil
587 2390 653 2445 est:
677 2377 776 2441 nihilo
790 2378 868 2463 quid
884 2378 991 2442 miuus
1005 2401 1073 2443 esse
1088 2392 1200 2464 potest.

355 2479 493 2545 Munera
508 2480 655 2557 fortunar,
672 2481 788 2544 viscata
803 2491 881 2566 puta
894 2480 1043 2545 vitiorum

399 2582 540 2663 Semina,
558 2594 630 2648 sunt
646 2584 801 2648 scelerum
819 2584 948 2668 pabula,
965 2585 1077 2650 mortis
1092 2586 1163 2649 iter.

355 2685 438 2750 Sunt
452 2686 569 2772 laquei,
586 2697 660 2750 sunt
675 2685 810 2761 ineidioe,
826 2698 901 2750 sunt
915 2685 1018 2750 toxica
1033 2688 1152 2763 mortis,

397 2792 499 2868 Quam
516 2811 578 2853 non
595 2789 759 2873 effugient,
775 2811 855 2875 quos
870 2790 931 2854 dea
946 2811 1032 2854 caeca
1047 2791 1132 2854 colit.

354 2892 450 2967 Quod
466 2892 592 2956 fortuna
606 2891 707 2970 dedit,
723 2902 756 2955 et
771 2893 858 2978 quod
872 2891 972 2968 dabit,
988 2905 1037 2956 eet
1051 2893 1202 2969 alienum,

397 2993 533 3059 Auferet
547 2993 607 3058 hoc
622 3003 737 3074 totum,
751 3015 852 3080 quurn
868 2994 953 3059 volet
967 2994 1032 3071 illa,
1048 2995 1118 3058 tibi.

355 3097 450 3162 Retia
464 3096 610 3185 pennatis
626 3111 791 3184 nequeunt
806 3097 940 3184 proevisa
956 3118 1081 3173 nocere,

395 3198 448 3263 Tu
465 3221 667 3287 quaeeunque
682 3198 781 3284 vides,
799 3199 878 3264 retia
894 3201 1010 3265 mentis
1025 3199 1119 3264 habe.

356 3300 451 3365 Retia
466 3314 539 3366 sunt
553 3325 754 3390 quoecunque
770 3304 869 3381 vides,
885 3303 1113 3388 hominemque
1130 3301 1262 3384 ligatum

401 3401 452 3466 nd
468 3403 614 3466 miserem
631 3415 765 3468 mortem
783 3427 842 3488 per
855 3405 941 3470 mala
955 3427 1093 3491 quaeque
1109 3404 1248 3469 trahunt.

357 3502 514 3580 Forsitan,
531 3503 616 3567 unde
633 3504 691 3568 tibi
707 3505 802 3568 datur
815 3504 886 3568 haec
902 3507 1060 3570 audacia?
1081 3519 1216 3594 quaeret,

399 3604 498 3669 Dices
512 3603 557 3667 nil
572 3614 728 3678 metuens,
745 3604 853 3668 omnia
867 3616 953 3668 tutus
968 3606 1043 3689 agit.

358 3707 478 3774 Omnia
492 3716 580 3770 tutus
594 3706 670 3790 agit,
685 3729 782 3793 quem
799 3728 859 3771 nec
874 3728 956 3792 spes,
972 3730 1031 3772 nee
1047 3707 1142 3771 timor
1157 3706 1255 3788 angit,

401 3809 463 3875 Cui
477 3809 562 3874 mala
576 3809 664 3873 nulla
678 3809 815 3895 placent,
832 3808 940 3874 omnia
955 3822 1042 3875 tutus
1057 3809 1132 3893 agit.

357 3913 502 3999 Hispana
517 3911 652 3988 rediens,
667 3924 723 3979 aut
740 3912 893 3977 Vasconis
908 3922 998 3977 utere
1014 3913 1135 3996 lingua,

401 4017 466 4080 Sed
480 4028 588 4080 tamen
604 4014 635 4078 in
652 4014 749 4078 verbo
764 4014 835 4099 plus
850 4013 1012 4098 gravitatis
1027 4014 1120 4081 habe.

359 4121 462 4186 Indue
477 4117 689 4203 delinguam,
705 4118 748 4181 sic
764 4129 867 4182 vestes
882 4117 979 4182 indue
994 4118 1108 4203 gentis,

401 4223 495 4288 Salva
509 4220 550 4285 sit
564 4231 600 4284 ut
615 4241 738 4284 morum
754 4219 874 4304 regula,
890 4220 976 4285 salva
991 4222 1081 4285 fides.

356 4325 500 4394 Pendeat
515 4345 555 4387 ex
570 4320 710 4386 humeris
724 4341 801 4386 crux
821 4342 924 4401 aenea,
940 4322 980 4387 sit
995 4344 1088 4388 coma
1102 4331 1194 4401 tetra,
