3309 5309
463 676 505 736 5⁰
723 690 859 733 scansis
876 687 1153 733 saansaaninnsrs
1294 666 1377 747 [arn.
1394 684 1415 730 1.

465 842 574 905 umbae
596 839 793 926 gradientes,
815 840 893 903 dum
918 852 1023 905 tamen
1050 840 1083 902 in
1110 850 1205 924 pastu
1233 837 1419 903 itinerantes

464 942 658 1028 praecedant.

684 1189 763 1272 Cap.
784 1194 833 1251 13.
855 1187 908 1250 De
922 1188 1022 1249 variis
1037 1186 1193 1250 omnibus.

507 1337 547 1401 ln
563 1337 799 1423 expeditionem
814 1335 929 1401 missus
946 1334 1069 1399 Consul
1090 1336 1323 1415 Romanorum,
1337 1333 1415 1399 dum

463 1438 584 1502 nullius
609 1440 684 1503 boni
709 1439 823 1503 ominis
846 1439 1013 1504 sortiretur
1039 1438 1229 1524 auspicium,
1252 1437 1415 1502 columbas

458 1540 583 1627 jejunio
604 1542 775 1622 confectas,
797 1545 905 1628 granis
927 1540 1043 1627 sparsis
1065 1540 1197 1607 triticeis
1219 1540 1250 1604 in
1274 1540 1327 1605 ria
1352 1563 1415 1626 qua

462 1648 568 1709 iturus
582 1658 662 1723 erat,
678 1645 822 1731 praeferri
840 1644 948 1730 jussit,
963 1656 999 1709 ut
1019 1644 1068 1708 vel
1089 1666 1198 1708 earum
1219 1642 1325 1707 omine
1343 1662 1414 1706 aus·

461 1746 536 1833 picii
558 1747 709 1814 duritiam
733 1748 923 1813 sublevaret.
969 1751 1050 1822 Quae
1072 1769 1174 1833 quum
1194 1745 1415 1830 diligentiusa

462 1851 541 1916 cibis
555 1852 760 1931 abstinerent,
775 1875 828 1915 eas
842 1850 1035 1937 praecipitari
1046 1849 1145 1936 jussit
1160 1849 1193 1913 in
1213 1847 1361 1923 fluvium,
1378 1859 1414 1913 ut

461 1956 573 2016 saltem
589 1954 751 2017 biberent:
775 1952 1013 2037 submersaeque
1026 1951 1059 2015 in
1078 1950 1221 2026 flumine,
1236 1949 1415 2015 docueruut

463 2052 634 2119 Consulem
650 2078 722 2118 cum
738 2054 880 2119 exercitu
896 2053 1178 2139 submergendum.
1217 2050 1282 2116 Hic
1297 2054 1413 2117 etenim

462 2170 618 2240 sequutus
639 2172 686 2221 est
710 2173 853 2223 eventus.
897 2163 984 2243 Apes
1005 2157 1149 2223 Platonis
1171 2154 1321 2219 infantuli
1352 2153 1413 2217 mel

461 2257 552 2322 labiis
574 2257 763 2338 inferebant,
784 2258 977 2345 singularem
999 2258 1201 2324 dulcedinem
1224 2256 1413 2342 eloquentiae

460 2362 529 2447 ejus
554 2361 698 2426 futuram
723 2362 960 2447 praesignantes.
1007 2362 1109 2426 Hiero
1135 2382 1278 2424 summus
1302 2372 1413 2446 postea

463 2462 578 2526 Siciliae
599 2464 816 2548 magistratus,
832 2463 920 2550 quod
941 2462 1061 2527 virtute
1080 2462 1302 2549 promeruit,a
1322 2474 1413 2547 patre

459 2564 655 2629 nobilissimo
681 2565 750 2629 viro
778 2564 943 2650 expositus
969 2575 1027 2640 est,
1055 2587 1093 2627 eo
1120 2563 1207 2650 quod
1232 2586 1273 2627 ex
1300 2562 1414 2628 ancilla

459 2676 625 2753 susceptus
660 2666 977 2731 dehonestamentum
1013 2664 1137 2750 generis
1171 2664 1352 2743 videbatur,
1382 2677 1414 2730 et

460 2769 550 2852 quasi
566 2772 718 2854 probrosa
727 2768 804 2832 clari
816 2766 978 2853 sanguinis
991 2766 1124 2833 macula.
1163 2766 1226 2833 Sed
1241 2766 1412 2853 parvulum

460 2882 492 2934 et
517 2869 713 2956 indigentem
736 2870 806 2957 opis
832 2871 981 2935 humanae
1007 2892 1082 2955 apes
1106 2870 1190 2934 circa
1215 2892 1289 2933 eum
1320 2870 1412 2935 melle

461 2986 622 3059 congesto,
633 2972 779 3059 plurimis
790 2972 898 3039 aluere
913 2972 1045 3037 diebus:
1070 2984 1102 3037 et
1117 2973 1162 3037 sic
1177 2972 1310 3037 consilio
1324 2995 1412 3039 arus-

458 3074 565 3161 picum
581 3075 610 3139 ei
625 3097 758 3161 regnum
770 3073 919 3161 portendi
932 3074 1126 3152 canentium,
1139 3098 1158 3139 a
1172 3074 1411 3161 patreagnitus,

458 3180 653 3256 recollectus,
666 3193 697 3246 et
709 3178 879 3264 diligenter
893 3177 1059 3243 institutus
1070 3190 1126 3241 est.
1164 3176 1297 3242 Parvuli
1310 3177 1413 3243 Midae

456 3282 623 3345 cunabulis
644 3281 785 3345 formicae
805 3303 906 3366 grana
925 3279 1022 3345 tritici
1043 3278 1266 3363 congerebant,
1289 3278 1411 3365 signifi·

458 3394 566 3445 cantes
580 3404 651 3447 enm
667 3382 813 3447 futurum
830 3382 1035 3449 ditissimum.
1074 3381 1171 3446 Unde
1185 3394 1217 3445 et
1233 3404 1283 3445 res
1297 3398 1411 3447 aureas

458 3479 558 3567 ipsius
567 3494 690 3546 attactu
702 3481 771 3544 fieri
782 3482 1066 3567 poetaelinxerunt.
1102 3483 1240 3571 Sulpitio
1255 3484 1413 3549 sacerdoti

458 3580 568 3668 lapsus
582 3604 665 3669 apex
676 3582 841 3668 decapite,
852 3575 1063 3649 sacerdotium
1075 3585 1218 3651 abstulit.
1252 3587 1414 3652 Occentus

460 3682 568 3749 soricis
596 3685 725 3751 auditus
754 3686 803 3749 M.
832 3686 934 3750 Fabio
963 3687 1197 3771 praefecturam.
1252 3689 1287 3752 Si
1316 3688 1415 3775 nugis

460 3786 563 3850 Iberis
586 3811 643 3872 per
657 3788 763 3853 omnia
785 3787 896 3868 credis,
913 3788 939 3852 si
955 3801 1073 3853 vestem
1088 3789 1121 3853 in
1136 3788 1240 3877 operis
1255 3792 1305 3855 tui
1319 3790 1414 3855 initio

458 3912 477 3953 a
501 3889 654 3955 soricibus
675 3913 834 3956 corrosam
861 3895 1004 3973 senseris,
1025 3905 1168 3979 tempera
1188 3893 1230 3957 ab
1252 3891 1412 3980 incoeptis.

459 3988 491 4054 Si
510 3989 675 4075 egrediens
696 3991 792 4055 limen
816 3992 997 4071 calcaveris,
1020 4007 1077 4059 aut
1099 3993 1132 4057 in
1155 3991 1208 4057 via
1228 3992 1412 4071 offenderis,

458 4091 571 4178 pedem
591 4093 727 4157 contine.
775 4094 808 4157 Si
830 4093 862 4156 in
882 4094 1048 4180 procinctu
1070 4095 1267 4181 agendorum
1287 4094 1413 4181 aliquid

458 4196 565 4259 damni
581 4194 760 4281 pertuleris,
775 4194 902 4261 differes
920 4196 1078 4275 inchoata,
1095 4202 1201 4263 nevel
1221 4210 1290 4263 tota
1309 4197 1413 4263 inten-

459 4301 544 4361 tione
569 4296 743 4376 frustreris,
759 4309 822 4362 aut
846 4296 1003 4363 inutiliter
1024 4298 1206 4383 impleatur.
1250 4302 1414 4386 Expecta,
