<?xml version="1.0" encoding="UTF-8"?>
<!DOCTYPE html PUBLIC "-//W3C//DTD XHTML 1.0 Transitional//EN"
    "http://www.w3.org/TR/xhtml1/DTD/xhtml1-transitional.dtd">
<html xmlns="http://www.w3.org/1999/xhtml" xml:lang="en" lang="en">
 <head>
  <title>
</title>
<meta http-equiv="Content-Type" content="text/html;charset=utf-8" />
  <meta name='ocr-system' content='tesseract 3.04.00' />
  <meta name='ocr-capabilities' content='ocr_page ocr_carea ocr_par ocr_line ocrx_word'/>
</head>
<body>
  <div class='ocr_page' id='page_1' title='image "./joannissaresber04johngoog_0345.png"; bbox 0 0 3309 5309; ppageno 0'>
   <div class='ocr_carea' id='block_1_1' title="bbox 690 652 2591 731">
    <p class='ocr_par' dir='ltr' id='par_1_1' title="bbox 690 652 2591 731">
     <span class='ocr_line' id='line_1_1' title="bbox 690 652 2591 731; baseline -0.002 -19"><span class='ocrx_word' id='word_1_1' title='bbox 690 670 834 716; x_wconf 65' lang='lat' dir='ltr'><strong>cn.</strong></span> <span class='ocrx_word' id='word_1_2' title='bbox 866 652 1006 731; x_wconf 87' lang='lat' dir='ltr'><strong>xv.]</strong></span> <span class='ocrx_word' id='word_1_3' title='bbox 1406 667 1912 714; x_wconf 77' lang='lat' dir='ltr'><strong>POLYCRATICUS.</strong></span> <span class='ocrx_word' id='word_1_4' title='bbox 2464 652 2591 710; x_wconf 79' lang='lat'><strong>329</strong></span> 
     </span>
    </p>
   </div>
   <div class='ocr_carea' id='block_1_2' title="bbox 691 817 2600 1917">
    <p class='ocr_par' dir='ltr' id='par_1_2' title="bbox 691 817 2600 1697">
     <span class='ocr_line' id='line_1_2' title="bbox 692 817 2592 908; baseline -0.004 -20"><span class='ocrx_word' id='word_1_5' title='bbox 692 825 942 908; x_wconf 87' lang='lat' dir='ltr'><strong>operari</strong></span> <span class='ocrx_word' id='word_1_6' title='bbox 970 824 1036 885; x_wconf 89' lang='lat' dir='ltr'><strong>in</strong></span> <span class='ocrx_word' id='word_1_7' title='bbox 1070 843 1272 885; x_wconf 91' lang='lat' dir='ltr'><strong>messe</strong></span> <span class='ocrx_word' id='word_1_8' title='bbox 1308 820 1591 896; x_wconf 87' lang='lat' dir='ltr'><strong>Domini,</strong></span> <span class='ocrx_word' id='word_1_9' title='bbox 1637 832 1707 883; x_wconf 94' lang='lat' dir='ltr'><strong>ut</strong></span> <span class='ocrx_word' id='word_1_10' title='bbox 1745 820 1968 882; x_wconf 88' lang='lat' dir='ltr'><strong>merito</strong></span> <span class='ocrx_word' id='word_1_11' title='bbox 2009 818 2160 881; x_wconf 90' lang='lat' dir='ltr'><strong>fidei</strong></span> <span class='ocrx_word' id='word_1_12' title='bbox 2210 830 2273 880; x_wconf 93' lang='lat' dir='ltr'><strong>et</strong></span> <span class='ocrx_word' id='word_1_13' title='bbox 2326 817 2592 894; x_wconf 77' lang='lat' dir='ltr'><strong>virtutis,</strong></span> 
     </span>
     <span class='ocr_line' id='line_1_3' title="bbox 691 919 2589 1005; baseline -0.004 -18"><span class='ocrx_word' id='word_1_14' title='bbox 691 937 864 988; x_wconf 87' lang='lat' dir='ltr'><strong>recte</strong></span> <span class='ocrx_word' id='word_1_15' title='bbox 896 923 1097 985; x_wconf 77' lang='lat' dir='ltr'><strong>videri</strong></span> <span class='ocrx_word' id='word_1_16' title='bbox 1126 933 1344 1005; x_wconf 89' lang='lat' dir='ltr'><strong>posset</strong></span> <span class='ocrx_word' id='word_1_17' title='bbox 1374 921 1620 982; x_wconf 79' lang='lat' dir='ltr'><strong>vineam</strong></span> <span class='ocrx_word' id='word_1_18' title='bbox 1652 920 1850 1002; x_wconf 88' lang='lat' dir='ltr'><strong>patris</strong></span> <span class='ocrx_word' id='word_1_19' title='bbox 1879 919 1944 980; x_wconf 87' lang='lat' dir='ltr'><strong>in</strong></span> <span class='ocrx_word' id='word_1_20' title='bbox 1976 941 2168 984; x_wconf 86' lang='lat' dir='ltr'><strong>manu</strong></span> <span class='ocrx_word' id='word_1_21' title='bbox 2198 940 2412 981; x_wconf 91' lang='lat' dir='ltr'><strong>eorum</strong></span> <span class='ocrx_word' id='word_1_22' title='bbox 2442 940 2589 1000; x_wconf 90' lang='lat' dir='ltr'><strong>pru-</strong></span> 
     </span>
     <span class='ocr_line' id='line_1_4' title="bbox 695 1020 2598 1095; baseline -0.004 -8"><span class='ocrx_word' id='word_1_23' title='bbox 695 1026 921 1088; x_wconf 85' lang='lat' dir='ltr'><strong>denter</strong></span> <span class='ocrx_word' id='word_1_24' title='bbox 965 1035 1030 1086; x_wconf 91' lang='lat' dir='ltr'><strong>et</strong></span> <span class='ocrx_word' id='word_1_25' title='bbox 1072 1023 1310 1085; x_wconf 86' lang='lat' dir='ltr'><strong>utiliter</strong></span> <span class='ocrx_word' id='word_1_26' title='bbox 1352 1022 1751 1084; x_wconf 90' lang='lat' dir='ltr'><strong>collocatam.</strong></span> <span class='ocrx_word' id='word_1_27' title='bbox 1841 1021 1928 1082; x_wconf 87' lang='lat' dir='ltr'><strong>At</strong></span> <span class='ocrx_word' id='word_1_28' title='bbox 1971 1020 2080 1082; x_wconf 85' lang='lat' dir='ltr'><strong>alii</strong></span> <span class='ocrx_word' id='word_1_29' title='bbox 2123 1022 2216 1082; x_wconf 88' lang='lat' dir='ltr'><strong>sic</strong></span> <span class='ocrx_word' id='word_1_30' title='bbox 2254 1031 2598 1095; x_wconf 80' lang='lat' dir='ltr'><strong>versantur,</strong></span> 
     </span>
     <span class='ocr_line' id='line_1_5' title="bbox 692 1121 2595 1190; baseline -0.004 0"><span class='ocrx_word' id='word_1_31' title='bbox 692 1149 769 1190; x_wconf 89' lang='lat' dir='ltr'><strong>ac</strong></span> <span class='ocrx_word' id='word_1_32' title='bbox 806 1128 862 1188; x_wconf 91' lang='lat' dir='ltr'><strong>si</strong></span> <span class='ocrx_word' id='word_1_33' title='bbox 900 1125 984 1188; x_wconf 91' lang='lat' dir='ltr'><strong>ad</strong></span> <span class='ocrx_word' id='word_1_34' title='bbox 1043 1125 1304 1187; x_wconf 88' lang='lat' dir='ltr'><strong>Thebas</strong></span> <span class='ocrx_word' id='word_1_35' title='bbox 1346 1124 1412 1184; x_wconf 89' lang='lat' dir='ltr'><strong>in</strong></span> <span class='ocrx_word' id='word_1_36' title='bbox 1457 1123 1707 1186; x_wconf 89' lang='lat' dir='ltr'><strong>facinus</strong></span> <span class='ocrx_word' id='word_1_37' title='bbox 1757 1121 2134 1186; x_wconf 85' lang='lat' dir='ltr'><strong>excitandas</strong></span> <span class='ocrx_word' id='word_1_38' title='bbox 2186 1123 2467 1184; x_wconf 83' lang='lat' dir='ltr'><strong>mittatur</strong></span> <span class='ocrx_word' id='word_1_39' title='bbox 2515 1122 2595 1183; x_wconf 88' lang='lat' dir='ltr'><strong>ab</strong></span> 
     </span>
     <span class='ocr_line' id='line_1_6' title="bbox 695 1224 2595 1306; baseline -0.003 -16"><span class='ocrx_word' id='word_1_40' title='bbox 695 1227 914 1290; x_wconf 85' lang='lat' dir='ltr'><strong>inseris</strong></span> <span class='ocrx_word' id='word_1_41' title='bbox 964 1225 1378 1306; x_wconf 90' lang='lat' dir='ltr'><strong>Thesiphone</strong></span> <span class='ocrx_word' id='word_1_42' title='bbox 1430 1224 1531 1286; x_wconf 84' lang='lat' dir='ltr'><strong>vel</strong></span> <span class='ocrx_word' id='word_1_43' title='bbox 1581 1226 1883 1305; x_wconf 87' lang='lat' dir='ltr'><strong>Megaera.</strong></span> <span class='ocrx_word' id='word_1_44' title='bbox 1975 1227 2146 1287; x_wconf 88' lang='lat' dir='ltr'><strong>Nam</strong></span> <span class='ocrx_word' id='word_1_45' title='bbox 2190 1226 2317 1286; x_wconf 85' lang='lat' dir='ltr'><strong>fere</strong></span> <span class='ocrx_word' id='word_1_46' title='bbox 2369 1225 2462 1285; x_wconf 87' lang='lat' dir='ltr'><strong>sic</strong></span> <span class='ocrx_word' id='word_1_47' title='bbox 2515 1224 2595 1284; x_wconf 91' lang='lat' dir='ltr'><strong>ab</strong></span> 
     </span>
     <span class='ocr_line' id='line_1_7' title="bbox 694 1325 2600 1408; baseline -0.003 -17"><span class='ocrx_word' id='word_1_48' title='bbox 694 1330 841 1391; x_wconf 89' lang='lat' dir='ltr'><strong>aula</strong></span> <span class='ocrx_word' id='word_1_49' title='bbox 864 1337 1087 1390; x_wconf 86' lang='lat' dir='ltr'><strong>contra</strong></span> <span class='ocrx_word' id='word_1_50' title='bbox 1107 1325 1396 1387; x_wconf 90' lang='lat' dir='ltr'><strong>omnium</strong></span> <span class='ocrx_word' id='word_1_51' title='bbox 1422 1341 1567 1388; x_wconf 80' lang='lat' dir='ltr'><strong>vota</strong></span> <span class='ocrx_word' id='word_1_52' title='bbox 1587 1325 1896 1399; x_wconf 90' lang='lat' dir='ltr'><strong>fidelium,</strong></span> <span class='ocrx_word' id='word_1_53' title='bbox 1922 1325 2003 1388; x_wconf 92' lang='lat' dir='ltr'><strong>ad</strong></span> <span class='ocrx_word' id='word_1_54' title='bbox 2027 1326 2317 1389; x_wconf 85' lang='lat' dir='ltr'><strong>ecclesiae</strong></span> <span class='ocrx_word' id='word_1_55' title='bbox 2342 1325 2600 1408; x_wconf 90' lang='lat' dir='ltr'><strong>publica</strong></span> 
     </span>
     <span class='ocr_line' id='line_1_8' title="bbox 700 1425 1804 1508; baseline -0.005 -15"><span class='ocrx_word' id='word_1_56' title='bbox 700 1429 914 1493; x_wconf 89' lang='lat' dir='ltr'><strong>officia</strong></span> <span class='ocrx_word' id='word_1_57' title='bbox 945 1437 1374 1490; x_wconf 83' lang='lat' dir='ltr'><strong>accesserunt.</strong></span> <span class='ocrx_word' id='word_1_58' title='bbox 1463 1425 1658 1508; x_wconf 90' lang='lat' dir='ltr'><strong>Apud</strong></span> <span class='ocrx_word' id='word_1_59' title='bbox 1687 1427 1804 1488; x_wconf 92' lang='lat' dir='ltr'><strong>hos</strong></span> 
     </span>
     <span class='ocr_line' id='line_1_9' title="bbox 1044 1539 2165 1612; baseline 0.001 -21"><span class='ocrx_word' id='word_1_60' title='bbox 1044 1540 1301 1611; x_wconf 85' lang='lat' dir='ltr'><strong>judicium</strong></span> <span class='ocrx_word' id='word_1_61' title='bbox 1322 1539 1452 1591; x_wconf 86' lang='lat' dir='ltr'><strong>nihil</strong></span> <span class='ocrx_word' id='word_1_62' title='bbox 1477 1547 1577 1604; x_wconf 87' lang='lat' dir='ltr'><strong>est,</strong></span> <span class='ocrx_word' id='word_1_63' title='bbox 1598 1542 1700 1592; x_wconf 89' lang='lat' dir='ltr'><strong>nisi</strong></span> <span class='ocrx_word' id='word_1_64' title='bbox 1724 1540 1929 1612; x_wconf 82' lang='lat' dir='ltr'><strong>publica</strong></span> <span class='ocrx_word' id='word_1_65' title='bbox 1948 1557 2165 1602; x_wconf 80' lang='lat' dir='ltr'><strong>merceS,</strong></span> 
     </span>
     <span class='ocr_line' id='line_1_10' title="bbox 834 1626 2206 1697; baseline -0.003 -17"><span class='ocrx_word' id='word_1_66' title='bbox 834 1629 1016 1696; x_wconf 85' lang='lat' dir='ltr'><strong>Atque</strong></span> <span class='ocrx_word' id='word_1_67' title='bbox 1041 1642 1219 1693; x_wconf 73' lang='lat' dir='ltr'><strong>equeS,</strong></span> <span class='ocrx_word' id='word_1_68' title='bbox 1243 1626 1299 1676; x_wconf 90' lang='lat' dir='ltr'><strong>in</strong></span> <span class='ocrx_word' id='word_1_69' title='bbox 1322 1643 1478 1677; x_wconf 79' lang='lat' dir='ltr'><strong>eausa</strong></span> <span class='ocrx_word' id='word_1_70' title='bbox 1501 1627 1589 1695; x_wconf 91' lang='lat' dir='ltr'><strong>qui</strong></span> <span class='ocrx_word' id='word_1_71' title='bbox 1614 1627 1785 1692; x_wconf 85' lang='lat' dir='ltr'><strong>sedet,</strong></span> <span class='ocrx_word' id='word_1_72' title='bbox 1808 1632 1984 1697; x_wconf 86' lang='lat' dir='ltr'><strong>empta</strong></span> <span class='ocrx_word' id='word_1_73' title='bbox 2007 1627 2206 1697; x_wconf 88' lang='lat' dir='ltr'><strong>probat.</strong></span> 
     </span>
    </p>

    <p class='ocr_par' dir='ltr' id='par_1_3' title="bbox 694 1729 2598 1917">
     <span class='ocr_line' id='line_1_11' title="bbox 694 1729 2598 1813; baseline -0.004 -16"><span class='ocrx_word' id='word_1_74' title='bbox 694 1733 1067 1798; x_wconf 85' lang='lat' dir='ltr'><strong>Justificant</strong></span> <span class='ocrx_word' id='word_1_75' title='bbox 1094 1729 1364 1811; x_wconf 89' lang='lat' dir='ltr'><strong>impium</strong></span> <span class='ocrx_word' id='word_1_76' title='bbox 1405 1751 1519 1813; x_wconf 89' lang='lat' dir='ltr'><strong>pro</strong></span> <span class='ocrx_word' id='word_1_77' title='bbox 1566 1731 1956 1806; x_wconf 76' lang='lat' dir='ltr'><strong>muneribuS,</strong></span> <span class='ocrx_word' id='word_1_78' title='bbox 1985 1730 2273 1791; x_wconf 85' lang='lat' dir='ltr'><strong>exultant</strong></span> <span class='ocrx_word' id='word_1_79' title='bbox 2300 1729 2368 1789; x_wconf 92' lang='lat' dir='ltr'><strong>in</strong></span> <span class='ocrx_word' id='word_1_80' title='bbox 2409 1729 2598 1791; x_wconf 88' lang='lat' dir='ltr'><strong>rebus</strong></span> 
     </span>
     <span class='ocr_line' id='line_1_12' title="bbox 697 1831 2001 1917; baseline -0.003 -21"><span class='ocrx_word' id='word_1_81' title='bbox 697 1834 1018 1917; x_wconf 86' lang='lat' dir='ltr'><strong>pessimiS‚</strong></span> <span class='ocrx_word' id='word_1_82' title='bbox 1047 1833 1348 1894; x_wconf 83' lang='lat' dir='ltr'><strong>laetantur</strong></span> <span class='ocrx_word' id='word_1_83' title='bbox 1376 1853 1577 1913; x_wconf 90' lang='lat' dir='ltr'><strong>quum</strong></span> <span class='ocrx_word' id='word_1_84' title='bbox 1609 1833 1775 1894; x_wconf 80' lang='lat' dir='ltr'><strong>mala</strong></span> <span class='ocrx_word' id='word_1_85' title='bbox 1804 1831 2001 1892; x_wconf 87' lang='lat' dir='ltr'><strong>fiunt:</strong></span> 
     </span>
    </p>
   </div>
   <div class='ocr_carea' id='block_1_3' title="bbox 815 1941 2489 2014">
    <p class='ocr_par' dir='ltr' id='par_1_4' title="bbox 815 1941 2489 2014">
     <span class='ocr_line' id='line_1_13' title="bbox 815 1941 2489 2014; baseline -0.002 -16"><span class='ocrx_word' id='word_1_86' title='bbox 815 1946 1035 2014; x_wconf 86' lang='lat' dir='ltr'><strong>Vixque</strong></span> <span class='ocrx_word' id='word_1_87' title='bbox 1058 1951 1241 1998; x_wconf 85' lang='lat' dir='ltr'><strong>tenent</strong></span> <span class='ocrx_word' id='word_1_88' title='bbox 1261 1945 1567 2013; x_wconf 81' lang='lat' dir='ltr'><strong>lachrymas,</strong></span> <span class='ocrx_word' id='word_1_89' title='bbox 1591 1962 1751 2013; x_wconf 88' lang='lat' dir='ltr'><strong>quum</strong></span> <span class='ocrx_word' id='word_1_90' title='bbox 1774 1941 1850 1994; x_wconf 85' lang='lat' dir='ltr'><strong>nil</strong></span> <span class='ocrx_word' id='word_1_91' title='bbox 1870 1942 2239 2011; x_wconf 82' lang='lat' dir='ltr'><strong>lachrymabile</strong></span> <span class='ocrx_word' id='word_1_92' title='bbox 2260 1949 2489 1995; x_wconf 87' lang='lat' dir='ltr'><strong>cernunt.</strong></span> 
     </span>
    </p>
   </div>
   <div class='ocr_carea' id='block_1_4' title="bbox 703 2047 2637 4370">
    <p class='ocr_par' dir='ltr' id='par_1_5' title="bbox 703 2047 2637 4370">
     <span class='ocr_line' id='line_1_14' title="bbox 703 2047 2608 2134; baseline -0.002 -21"><span class='ocrx_word' id='word_1_93' title='bbox 703 2051 1039 2134; x_wconf 87' lang='lat' dir='ltr'><strong>Siquidem</strong></span> <span class='ocrx_word' id='word_1_94' title='bbox 1069 2061 1341 2133; x_wconf 84' lang='lat' dir='ltr'><strong>peccata</strong></span> <span class='ocrx_word' id='word_1_95' title='bbox 1368 2050 1595 2133; x_wconf 88' lang='lat' dir='ltr'><strong>populi</strong></span> <span class='ocrx_word' id='word_1_96' title='bbox 1627 2047 1988 2124; x_wconf 85' lang='lat' dir='ltr'><strong>comedunt,</strong></span> <span class='ocrx_word' id='word_1_97' title='bbox 2019 2058 2083 2109; x_wconf 92' lang='lat' dir='ltr'><strong>et</strong></span> <span class='ocrx_word' id='word_1_98' title='bbox 2110 2049 2460 2111; x_wconf 84' lang='lat' dir='ltr'><strong>vestiuntur</strong></span> <span class='ocrx_word' id='word_1_99' title='bbox 2488 2048 2608 2125; x_wconf 83' lang='lat' dir='ltr'><strong>eiS,</strong></span> 
     </span>
     <span class='ocr_line' id='line_1_15' title="bbox 706 2150 2605 2234; baseline -0.001 -22"><span class='ocrx_word' id='word_1_100' title='bbox 706 2150 861 2214; x_wconf 88' lang='lat' dir='ltr'><strong>etin</strong></span> <span class='ocrx_word' id='word_1_101' title='bbox 905 2153 998 2215; x_wconf 90' lang='lat' dir='ltr'><strong>eis</strong></span> <span class='ocrx_word' id='word_1_102' title='bbox 1044 2152 1488 2234; x_wconf 90' lang='lat' dir='ltr'><strong>multipliciter</strong></span> <span class='ocrx_word' id='word_1_103' title='bbox 1529 2152 1949 2213; x_wconf 82' lang='lat' dir='ltr'><strong>luxuriantur.</strong></span> <span class='ocrx_word' id='word_1_104' title='bbox 2038 2151 2427 2232; x_wconf 85' lang='lat' dir='ltr'><strong>Acceptores</strong></span> <span class='ocrx_word' id='word_1_105' title='bbox 2464 2169 2605 2232; x_wconf 91' lang='lat' dir='ltr'><strong>per-</strong></span> 
     </span>
     <span class='ocr_line' id='line_1_16' title="bbox 705 2251 2606 2336; baseline 0 -22"><span class='ocrx_word' id='word_1_106' title='bbox 705 2274 1028 2327; x_wconf 88' lang='lat' dir='ltr'><strong>sonarum,</strong></span> <span class='ocrx_word' id='word_1_107' title='bbox 1083 2266 1148 2315; x_wconf 92' lang='lat' dir='ltr'><strong>et</strong></span> <span class='ocrx_word' id='word_1_108' title='bbox 1200 2254 1383 2336; x_wconf 87' lang='lat' dir='ltr'><strong>quasi</strong></span> <span class='ocrx_word' id='word_1_109' title='bbox 1447 2252 1714 2335; x_wconf 90' lang='lat' dir='ltr'><strong>quidam</strong></span> <span class='ocrx_word' id='word_1_110' title='bbox 1788 2254 2106 2314; x_wconf 89' lang='lat' dir='ltr'><strong>bonorum</strong></span> <span class='ocrx_word' id='word_1_111' title='bbox 2178 2251 2426 2314; x_wconf 74' lang='lat' dir='ltr'><strong>malleiz</strong></span> <span class='ocrx_word' id='word_1_112' title='bbox 2480 2251 2606 2314; x_wconf 88' lang='lat' dir='ltr'><strong>hoc</strong></span> 
     </span>
     <span class='ocr_line' id='line_1_17' title="bbox 707 2353 2611 2437; baseline 0 -21"><span class='ocrx_word' id='word_1_113' title='bbox 707 2356 878 2417; x_wconf 91' lang='lat' dir='ltr'><strong>enim</strong></span> <span class='ocrx_word' id='word_1_114' title='bbox 921 2355 1290 2418; x_wconf 88' lang='lat' dir='ltr'><strong>didicerunt</strong></span> <span class='ocrx_word' id='word_1_115' title='bbox 1336 2355 1418 2416; x_wconf 87' lang='lat' dir='ltr'><strong>ab</strong></span> <span class='ocrx_word' id='word_1_116' title='bbox 1471 2356 1588 2431; x_wconf 84' lang='lat' dir='ltr'><strong>eiS,</strong></span> <span class='ocrx_word' id='word_1_117' title='bbox 1639 2377 1676 2417; x_wconf 92' lang='lat' dir='ltr'><strong>a</strong></span> <span class='ocrx_word' id='word_1_118' title='bbox 1729 2355 1962 2437; x_wconf 91' lang='lat' dir='ltr'><strong>quibus</strong></span> <span class='ocrx_word' id='word_1_119' title='bbox 2012 2353 2200 2415; x_wconf 87' lang='lat' dir='ltr'><strong>electi</strong></span> <span class='ocrx_word' id='word_1_120' title='bbox 2250 2362 2417 2414; x_wconf 88' lang='lat' dir='ltr'><strong>sunt.</strong></span> <span class='ocrx_word' id='word_1_121' title='bbox 2504 2353 2611 2416; x_wconf 88' lang='lat' dir='ltr'><strong>Ait</strong></span> 
     </span>
     <span class='ocr_line' id='line_1_18' title="bbox 704 2455 2613 2539; baseline -0.001 -21"><span class='ocrx_word' id='word_1_122' title='bbox 704 2457 1052 2539; x_wconf 84' lang='lat' dir='ltr'><strong>sapientia:</strong></span> <span class='ocrx_word' id='word_1_123' title='bbox 1136 2456 1399 2518; x_wconf 91' lang='lat' dir='ltr'><strong>Venatio</strong></span> <span class='ocrx_word' id='word_1_124' title='bbox 1463 2456 1671 2518; x_wconf 88' lang='lat' dir='ltr'><strong>leonis</strong></span> <span class='ocrx_word' id='word_1_125' title='bbox 1732 2475 1968 2534; x_wconf 85' lang='lat' dir='ltr'><strong>onager</strong></span> <span class='ocrx_word' id='word_1_126' title='bbox 2014 2455 2086 2515; x_wconf 88' lang='lat' dir='ltr'><strong>in</strong></span> <span class='ocrx_word' id='word_1_127' title='bbox 2139 2476 2375 2532; x_wconf 80' lang='lat' dir='ltr'><strong>eremn,</strong></span> <span class='ocrx_word' id='word_1_128' title='bbox 2424 2455 2518 2518; x_wconf 91' lang='lat' dir='ltr'><strong>sic</strong></span> <span class='ocrx_word' id='word_1_129' title='bbox 2549 2465 2613 2517; x_wconf 93' lang='lat' dir='ltr'><strong>et</strong></span> 
     </span>
     <span class='ocr_line' id='line_1_19' title="bbox 705 2556 2610 2641; baseline -0.002 -21"><span class='ocrx_word' id='word_1_130' title='bbox 705 2579 946 2641; x_wconf 88' lang='lat' dir='ltr'><strong>pascua</strong></span> <span class='ocrx_word' id='word_1_131' title='bbox 985 2558 1254 2622; x_wconf 88' lang='lat' dir='ltr'><strong>divitum</strong></span> <span class='ocrx_word' id='word_1_132' title='bbox 1290 2568 1438 2619; x_wconf 89' lang='lat' dir='ltr'><strong>sunt</strong></span> <span class='ocrx_word' id='word_1_133' title='bbox 1467 2578 1799 2641; x_wconf 85' lang='lat' dir='ltr'><strong>pauperes.</strong></span> <span class='ocrx_word' id='word_1_134' title='bbox 1892 2557 1982 2617; x_wconf 91' lang='lat' dir='ltr'><strong>Et</strong></span> <span class='ocrx_word' id='word_1_135' title='bbox 2024 2557 2192 2618; x_wconf 86' lang='lat' dir='ltr'><strong>sicut</strong></span> <span class='ocrx_word' id='word_1_136' title='bbox 2219 2556 2610 2619; x_wconf 89' lang='lat' dir='ltr'><strong>abominatio</strong></span> 
     </span>
     <span class='ocr_line' id='line_1_20' title="bbox 707 2658 2611 2744; baseline -0.001 -21"><span class='ocrx_word' id='word_1_137' title='bbox 707 2673 805 2723; x_wconf 83' lang='lat' dir='ltr'><strong>est</strong></span> <span class='ocrx_word' id='word_1_138' title='bbox 833 2662 1114 2744; x_wconf 88' lang='lat' dir='ltr'><strong>superbo</strong></span> <span class='ocrx_word' id='word_1_139' title='bbox 1144 2661 1496 2736; x_wconf 84' lang='lat' dir='ltr'><strong>humilitaS,</strong></span> <span class='ocrx_word' id='word_1_140' title='bbox 1521 2661 1614 2722; x_wconf 87' lang='lat' dir='ltr'><strong>sic</strong></span> <span class='ocrx_word' id='word_1_141' title='bbox 1640 2659 1959 2722; x_wconf 83' lang='lat' dir='ltr'><strong>execratio</strong></span> <span class='ocrx_word' id='word_1_142' title='bbox 1984 2670 2082 2720; x_wconf 90' lang='lat' dir='ltr'><strong>est</strong></span> <span class='ocrx_word' id='word_1_143' title='bbox 2111 2658 2325 2720; x_wconf 85' lang='lat' dir='ltr'><strong>divitis</strong></span> <span class='ocrx_word' id='word_1_144' title='bbox 2348 2680 2611 2741; x_wconf 86' lang='lat' dir='ltr'><strong>pauper.</strong></span> 
     </span>
     <span class='ocr_line' id='line_1_21' title="bbox 710 2758 2611 2836; baseline -0.001 -12"><span class='ocrx_word' id='word_1_145' title='bbox 710 2763 913 2824; x_wconf 87' lang='lat' dir='ltr'><strong>Dives</strong></span> <span class='ocrx_word' id='word_1_146' title='bbox 966 2773 1325 2824; x_wconf 89' lang='lat' dir='ltr'><strong>commotus</strong></span> <span class='ocrx_word' id='word_1_147' title='bbox 1384 2760 1864 2824; x_wconf 86' lang='lat' dir='ltr'><strong>confirmabitur</strong></span> <span class='ocrx_word' id='word_1_148' title='bbox 1921 2760 2002 2821; x_wconf 90' lang='lat' dir='ltr'><strong>ab</strong></span> <span class='ocrx_word' id='word_1_149' title='bbox 2063 2758 2306 2836; x_wconf 88' lang='lat' dir='ltr'><strong>amicis,</strong></span> <span class='ocrx_word' id='word_1_150' title='bbox 2353 2758 2611 2822; x_wconf 87' lang='lat' dir='ltr'><strong>humilis</strong></span> 
     </span>
     <span class='ocr_line' id='line_1_22' title="bbox 708 2861 2613 2948; baseline -0.001 -21"><span class='ocrx_word' id='word_1_151' title='bbox 708 2877 922 2927; x_wconf 91' lang='lat' dir='ltr'><strong>autem</strong></span> <span class='ocrx_word' id='word_1_152' title='bbox 967 2885 1158 2948; x_wconf 91' lang='lat' dir='ltr'><strong>quum</strong></span> <span class='ocrx_word' id='word_1_153' title='bbox 1204 2863 1530 2941; x_wconf 83' lang='lat' dir='ltr'><strong>ceciderit,</strong></span> <span class='ocrx_word' id='word_1_154' title='bbox 1561 2864 1919 2946; x_wconf 83' lang='lat' dir='ltr'><strong>expelletur</strong></span> <span class='ocrx_word' id='word_1_155' title='bbox 1953 2874 2016 2924; x_wconf 88' lang='lat' dir='ltr'><strong>et</strong></span> <span class='ocrx_word' id='word_1_156' title='bbox 2053 2884 2092 2925; x_wconf 89' lang='lat' dir='ltr'><strong>a</strong></span> <span class='ocrx_word' id='word_1_157' title='bbox 2129 2861 2314 2924; x_wconf 86' lang='lat' dir='ltr'><strong>notis.</strong></span> <span class='ocrx_word' id='word_1_158' title='bbox 2404 2862 2613 2925; x_wconf 89' lang='lat' dir='ltr'><strong>Diviti</strong></span> 
     </span>
     <span class='ocr_line' id='line_1_23' title="bbox 707 2963 2614 3047; baseline 0.001 -23"><span class='ocrx_word' id='word_1_159' title='bbox 707 2963 983 3047; x_wconf 91' lang='lat' dir='ltr'><strong>decepto</strong></span> <span class='ocrx_word' id='word_1_160' title='bbox 1036 2965 1216 3027; x_wconf 87' lang='lat' dir='ltr'><strong>multi</strong></span> <span class='ocrx_word' id='word_1_161' title='bbox 1269 2976 1766 3046; x_wconf 85' lang='lat' dir='ltr'><strong>recuperatoreS,</strong></span> <span class='ocrx_word' id='word_1_162' title='bbox 1817 2965 2115 3046; x_wconf 88' lang='lat' dir='ltr'><strong>loquutus</strong></span> <span class='ocrx_word' id='word_1_163' title='bbox 2167 2970 2263 3025; x_wconf 81' lang='lat' dir='ltr'><strong>est</strong></span> <span class='ocrx_word' id='word_1_164' title='bbox 2318 2964 2614 3045; x_wconf 85' lang='lat' dir='ltr'><strong>superba,</strong></span> 
     </span>
     <span class='ocr_line' id='line_1_24' title="bbox 706 3063 2612 3149; baseline -0.001 -21"><span class='ocrx_word' id='word_1_165' title='bbox 706 3082 771 3128; x_wconf 87' lang='lat' dir='ltr'><strong>et</strong></span> <span class='ocrx_word' id='word_1_166' title='bbox 809 3065 1326 3149; x_wconf 85' lang='lat' dir='ltr'><strong>justificaverunt</strong></span> <span class='ocrx_word' id='word_1_167' title='bbox 1376 3067 1572 3127; x_wconf 89' lang='lat' dir='ltr'><strong>illum.</strong></span> <span class='ocrx_word' id='word_1_168' title='bbox 1689 3066 1973 3128; x_wconf 89' lang='lat' dir='ltr'><strong>Humilis</strong></span> <span class='ocrx_word' id='word_1_169' title='bbox 2025 3063 2332 3147; x_wconf 91' lang='lat' dir='ltr'><strong>deceptus</strong></span> <span class='ocrx_word' id='word_1_170' title='bbox 2383 3075 2500 3141; x_wconf 88' lang='lat' dir='ltr'><strong>est,</strong></span> <span class='ocrx_word' id='word_1_171' title='bbox 2546 3074 2612 3127; x_wconf 88' lang='lat' dir='ltr'><strong>et</strong></span> 
     </span>
     <span class='ocr_line' id='line_1_25' title="bbox 710 3166 2616 3249; baseline 0 -21"><span class='ocrx_word' id='word_1_172' title='bbox 710 3167 974 3249; x_wconf 87' lang='lat' dir='ltr'><strong>insuper</strong></span> <span class='ocrx_word' id='word_1_173' title='bbox 1001 3167 1305 3246; x_wconf 84' lang='lat' dir='ltr'><strong>arguitur.</strong></span> <span class='ocrx_word' id='word_1_174' title='bbox 1373 3168 1717 3247; x_wconf 91' lang='lat' dir='ltr'><strong>Loquutus</strong></span> <span class='ocrx_word' id='word_1_175' title='bbox 1747 3178 1845 3229; x_wconf 86' lang='lat' dir='ltr'><strong>est</strong></span> <span class='ocrx_word' id='word_1_176' title='bbox 1874 3176 2145 3239; x_wconf 90' lang='lat' dir='ltr'><strong>sensate,</strong></span> <span class='ocrx_word' id='word_1_177' title='bbox 2178 3176 2241 3229; x_wconf 90' lang='lat' dir='ltr'><strong>et</strong></span> <span class='ocrx_word' id='word_1_178' title='bbox 2267 3187 2399 3229; x_wconf 90' lang='lat' dir='ltr'><strong>non</strong></span> <span class='ocrx_word' id='word_1_179' title='bbox 2432 3176 2529 3228; x_wconf 94' lang='lat' dir='ltr'><strong>est</strong></span> <span class='ocrx_word' id='word_1_180' title='bbox 2556 3166 2616 3230; x_wconf 87' lang='lat' dir='ltr'><strong>ei</strong></span> 
     </span>
     <span class='ocr_line' id='line_1_26' title="bbox 712 3267 2618 3350; baseline 0.001 -21"><span class='ocrx_word' id='word_1_181' title='bbox 712 3267 900 3330; x_wconf 86' lang='lat' dir='ltr'><strong>datus</strong></span> <span class='ocrx_word' id='word_1_182' title='bbox 929 3268 1131 3330; x_wconf 85' lang='lat' dir='ltr'><strong>locus.</strong></span> <span class='ocrx_word' id='word_1_183' title='bbox 1221 3268 1420 3330; x_wconf 86' lang='lat' dir='ltr'><strong>Dives</strong></span> <span class='ocrx_word' id='word_1_184' title='bbox 1449 3270 1749 3350; x_wconf 92' lang='lat' dir='ltr'><strong>loquutus</strong></span> <span class='ocrx_word' id='word_1_185' title='bbox 1780 3278 1895 3346; x_wconf 90' lang='lat' dir='ltr'><strong>est,</strong></span> <span class='ocrx_word' id='word_1_186' title='bbox 1925 3276 1990 3330; x_wconf 92' lang='lat' dir='ltr'><strong>et</strong></span> <span class='ocrx_word' id='word_1_187' title='bbox 2012 3289 2235 3331; x_wconf 89' lang='lat' dir='ltr'><strong>omnes</strong></span> <span class='ocrx_word' id='word_1_188' title='bbox 2264 3278 2618 3347; x_wconf 86' lang='lat' dir='ltr'><strong>tacuerunt,</strong></span> 
     </span>
     <span class='ocr_line' id='line_1_27' title="bbox 713 3368 2621 3454; baseline 0.001 -23"><span class='ocrx_word' id='word_1_189' title='bbox 713 3380 778 3431; x_wconf 93' lang='lat' dir='ltr'><strong>et</strong></span> <span class='ocrx_word' id='word_1_190' title='bbox 809 3368 1068 3430; x_wconf 87' lang='lat' dir='ltr'><strong>verbum</strong></span> <span class='ocrx_word' id='word_1_191' title='bbox 1102 3369 1273 3432; x_wconf 90' lang='lat' dir='ltr'><strong>illius</strong></span> <span class='ocrx_word' id='word_1_192' title='bbox 1301 3391 1506 3453; x_wconf 89' lang='lat' dir='ltr'><strong>usque</strong></span> <span class='ocrx_word' id='word_1_193' title='bbox 1538 3369 1621 3432; x_wconf 86' lang='lat' dir='ltr'><strong>ad</strong></span> <span class='ocrx_word' id='word_1_194' title='bbox 1650 3370 1859 3432; x_wconf 91' lang='lat' dir='ltr'><strong>nubes</strong></span> <span class='ocrx_word' id='word_1_195' title='bbox 1906 3369 2277 3452; x_wconf 87' lang='lat' dir='ltr'><strong>perducent.</strong></span> <span class='ocrx_word' id='word_1_196' title='bbox 2367 3371 2621 3454; x_wconf 86' lang='lat' dir='ltr'><strong>Pauper</strong></span> 
     </span>
     <span class='ocr_line' id='line_1_28' title="bbox 715 3470 2621 3553; baseline 0.004 -23"><span class='ocrx_word' id='word_1_197' title='bbox 715 3471 1024 3553; x_wconf 90' lang='lat' dir='ltr'><strong>loquutus</strong></span> <span class='ocrx_word' id='word_1_198' title='bbox 1053 3483 1170 3546; x_wconf 88' lang='lat' dir='ltr'><strong>est,</strong></span> <span class='ocrx_word' id='word_1_199' title='bbox 1203 3481 1268 3534; x_wconf 90' lang='lat' dir='ltr'><strong>et</strong></span> <span class='ocrx_word' id='word_1_200' title='bbox 1299 3471 1562 3534; x_wconf 86' lang='lat' dir='ltr'><strong>dicunt:</strong></span> <span class='ocrx_word' id='word_1_201' title='bbox 1639 3472 1801 3544; x_wconf 83' lang='lat' dir='ltr'><strong>Quis</strong></span> <span class='ocrx_word' id='word_1_202' title='bbox 1830 3483 1928 3534; x_wconf 90' lang='lat' dir='ltr'><strong>est</strong></span> <span class='ocrx_word' id='word_1_203' title='bbox 1957 3470 2109 3534; x_wconf 89' lang='lat' dir='ltr'><strong>hic?</strong></span> <span class='ocrx_word' id='word_1_204' title='bbox 2202 3473 2291 3536; x_wconf 88' lang='lat' dir='ltr'><strong>Et</strong></span> <span class='ocrx_word' id='word_1_205' title='bbox 2321 3474 2375 3536; x_wconf 90' lang='lat' dir='ltr'><strong>si</strong></span> <span class='ocrx_word' id='word_1_206' title='bbox 2419 3476 2621 3537; x_wconf 86' lang='lat' dir='ltr'><strong>offen-</strong></span> 
     </span>
     <span class='ocr_line' id='line_1_29' title="bbox 713 3571 2624 3659; baseline 0.004 -27"><span class='ocrx_word' id='word_1_207' title='bbox 713 3571 898 3649; x_wconf 88' lang='lat' dir='ltr'><strong>derit,</strong></span> <span class='ocrx_word' id='word_1_208' title='bbox 928 3572 1306 3636; x_wconf 86' lang='lat' dir='ltr'><strong>subvertunt</strong></span> <span class='ocrx_word' id='word_1_209' title='bbox 1333 3573 1536 3635; x_wconf 91' lang='lat' dir='ltr'><strong>illum.</strong></span> <span class='ocrx_word' id='word_1_210' title='bbox 1600 3574 1692 3637; x_wconf 95' lang='lat' dir='ltr'><strong>Et</strong></span> <span class='ocrx_word' id='word_1_211' title='bbox 1744 3574 1883 3636; x_wconf 82' lang='lat' dir='ltr'><strong>haec</strong></span> <span class='ocrx_word' id='word_1_212' title='bbox 1917 3574 2176 3657; x_wconf 90' lang='lat' dir='ltr'><strong>quidem</strong></span> <span class='ocrx_word' id='word_1_213' title='bbox 2206 3587 2356 3638; x_wconf 91' lang='lat' dir='ltr'><strong>sunt</strong></span> <span class='ocrx_word' id='word_1_214' title='bbox 2372 3575 2624 3659; x_wconf 86' lang='lat' dir='ltr'><strong>judicia</strong></span> 
     </span>
     <span class='ocr_line' id='line_1_30' title="bbox 712 3673 2624 3760; baseline 0.004 -25"><span class='ocrx_word' id='word_1_215' title='bbox 712 3694 955 3751; x_wconf 87' lang='lat' dir='ltr'><strong>eorum,</strong></span> <span class='ocrx_word' id='word_1_216' title='bbox 988 3694 1153 3756; x_wconf 90' lang='lat' dir='ltr'><strong>quos</strong></span> <span class='ocrx_word' id='word_1_217' title='bbox 1183 3674 1359 3738; x_wconf 88' lang='lat' dir='ltr'><strong>curia</strong></span> <span class='ocrx_word' id='word_1_218' title='bbox 1387 3673 1628 3753; x_wconf 87' lang='lat' dir='ltr'><strong>docuit,</strong></span> <span class='ocrx_word' id='word_1_219' title='bbox 1683 3676 1815 3737; x_wconf 91' lang='lat' dir='ltr'><strong>imo</strong></span> <span class='ocrx_word' id='word_1_220' title='bbox 1864 3675 2149 3739; x_wconf 87' lang='lat' dir='ltr'><strong>omnium</strong></span> <span class='ocrx_word' id='word_1_221' title='bbox 2199 3677 2305 3760; x_wconf 89' lang='lat' dir='ltr'><strong>qui</strong></span> <span class='ocrx_word' id='word_1_222' title='bbox 2348 3676 2624 3760; x_wconf 79' lang='lat' dir='ltr'><strong>justitiae</strong></span> 
     </span>
     <span class='ocr_line' id='line_1_31' title="bbox 719 3773 2625 3863; baseline 0.004 -27"><span class='ocrx_word' id='word_1_223' title='bbox 719 3773 973 3837; x_wconf 88' lang='lat' dir='ltr'><strong>divitias</strong></span> <span class='ocrx_word' id='word_1_224' title='bbox 1002 3773 1374 3857; x_wconf 84' lang='lat' dir='ltr'><strong>praeferunt,</strong></span> <span class='ocrx_word' id='word_1_225' title='bbox 1407 3787 1470 3838; x_wconf 94' lang='lat' dir='ltr'><strong>et</strong></span> <span class='ocrx_word' id='word_1_226' title='bbox 1511 3776 1674 3839; x_wconf 92' lang='lat' dir='ltr'><strong>nihil</strong></span> <span class='ocrx_word' id='word_1_227' title='bbox 1718 3777 1936 3859; x_wconf 85' lang='lat' dir='ltr'><strong>potius</strong></span> <span class='ocrx_word' id='word_1_228' title='bbox 1967 3776 2238 3856; x_wconf 86' lang='lat' dir='ltr'><strong>ducunt,</strong></span> <span class='ocrx_word' id='word_1_229' title='bbox 2279 3800 2471 3863; x_wconf 89' lang='lat' dir='ltr'><strong>quam</strong></span> <span class='ocrx_word' id='word_1_230' title='bbox 2508 3780 2625 3844; x_wconf 88' lang='lat' dir='ltr'><strong>ha.-</strong></span> 
     </span>
     <span class='ocr_line' id='line_1_32' title="bbox 716 3875 2625 3964; baseline 0.006 -28"><span class='ocrx_word' id='word_1_231' title='bbox 716 3875 868 3938; x_wconf 87' lang='lat' dir='ltr'><strong>bere</strong></span> <span class='ocrx_word' id='word_1_232' title='bbox 920 3875 1198 3954; x_wconf 81' lang='lat' dir='ltr'><strong>divitias,</strong></span> <span class='ocrx_word' id='word_1_233' title='bbox 1250 3898 1380 3961; x_wconf 92' lang='lat' dir='ltr'><strong>quo</strong></span> <span class='ocrx_word' id='word_1_234' title='bbox 1431 3889 1646 3941; x_wconf 89' lang='lat' dir='ltr'><strong>tamen</strong></span> <span class='ocrx_word' id='word_1_235' title='bbox 1714 3879 1824 3942; x_wconf 79' lang='lat' dir='ltr'><strong>vix</strong></span> <span class='ocrx_word' id='word_1_236' title='bbox 1872 3879 2119 3964; x_wconf 89' lang='lat' dir='ltr'><strong>aliquid</strong></span> <span class='ocrx_word' id='word_1_237' title='bbox 2168 3881 2460 3946; x_wconf 82' lang='lat' dir='ltr'><strong>inutilius</strong></span> <span class='ocrx_word' id='word_1_238' title='bbox 2508 3892 2625 3948; x_wconf 81' lang='lat' dir='ltr'><strong>est.</strong></span> 
     </span>
     <span class='ocr_line' id='line_1_33' title="bbox 720 3977 2633 4064; baseline 0.007 -28"><span class='ocrx_word' id='word_1_239' title='bbox 720 3977 957 4039; x_wconf 89' lang='lat' dir='ltr'><strong>Nullus</strong></span> <span class='ocrx_word' id='word_1_240' title='bbox 1027 3978 1290 4040; x_wconf 86' lang='lat' dir='ltr'><strong>istorum</strong></span> <span class='ocrx_word' id='word_1_241' title='bbox 1349 3981 1617 4058; x_wconf 83' lang='lat' dir='ltr'><strong>exultat,</strong></span> <span class='ocrx_word' id='word_1_242' title='bbox 1681 4003 1872 4064; x_wconf 82' lang='lat' dir='ltr'><strong>quum</strong></span> <span class='ocrx_word' id='word_1_243' title='bbox 1936 3982 2260 4050; x_wconf 73' lang='lat' dir='ltr'><strong>Christum</strong></span> <span class='ocrx_word' id='word_1_244' title='bbox 2324 3982 2497 4046; x_wconf 67' lang='lat' dir='ltr'><strong>videt</strong></span> <span class='ocrx_word' id='word_1_245' title='bbox 2561 3982 2633 4050; x_wconf 71' lang='lat' dir='ltr'><strong>iu</strong></span> 
     </span>
     <span class='ocr_line' id='line_1_34' title="bbox 719 4078 2637 4166; baseline 0.008 -26"><span class='ocrx_word' id='word_1_246' title='bbox 719 4078 918 4152; x_wconf 79' lang='lat' dir='ltr'><strong>terriS,</strong></span> <span class='ocrx_word' id='word_1_247' title='bbox 952 4080 1169 4142; x_wconf 89' lang='lat' dir='ltr'><strong>nullus</strong></span> <span class='ocrx_word' id='word_1_248' title='bbox 1200 4101 1417 4143; x_wconf 88' lang='lat' dir='ltr'><strong>eorum</strong></span> <span class='ocrx_word' id='word_1_249' title='bbox 1449 4093 1563 4160; x_wconf 88' lang='lat' dir='ltr'><strong>est,</strong></span> <span class='ocrx_word' id='word_1_250' title='bbox 1594 4083 1708 4166; x_wconf 90' lang='lat' dir='ltr'><strong>qui</strong></span> <span class='ocrx_word' id='word_1_251' title='bbox 1731 4086 1882 4146; x_wconf 78' lang='lat' dir='ltr'><strong>velit</strong></span> <span class='ocrx_word' id='word_1_252' title='bbox 1920 4106 2065 4150; x_wconf 69' lang='lat' dir='ltr'><strong>eun]</strong></span> <span class='ocrx_word' id='word_1_253' title='bbox 2092 4106 2236 4150; x_wconf 73' lang='lat' dir='ltr'><strong>cum</strong></span> <span class='ocrx_word' id='word_1_254' title='bbox 2258 4082 2637 4154; x_wconf 63' lang='lat' dir='ltr'><strong>hominihus</strong></span> 
     </span>
     <span class='ocr_line' id='line_1_35' title="bbox 721 4180 2436 4270; baseline 0.006 -30"><span class='ocrx_word' id='word_1_255' title='bbox 721 4180 1107 4258; x_wconf 82' lang='lat' dir='ltr'><strong>conversari,</strong></span> <span class='ocrx_word' id='word_1_256' title='bbox 1156 4181 1373 4244; x_wconf 90' lang='lat' dir='ltr'><strong>nullus</strong></span> <span class='ocrx_word' id='word_1_257' title='bbox 1423 4183 1534 4266; x_wconf 93' lang='lat' dir='ltr'><strong>qui</strong></span> <span class='ocrx_word' id='word_1_258' title='bbox 1598 4183 1683 4246; x_wconf 90' lang='lat' dir='ltr'><strong>ad</strong></span> <span class='ocrx_word' id='word_1_259' title='bbox 1734 4185 1908 4247; x_wconf 78' lang='lat' dir='ltr'><strong>bona</strong></span> <span class='ocrx_word' id='word_1_260' title='bbox 1952 4206 2148 4270; x_wconf 71' lang='lat' dir='ltr'><strong>opera</strong></span> <span class='ocrx_word' id='word_1_261' title='bbox 2186 4206 2306 4270; x_wconf 72' lang='lat' dir='ltr'><strong>pm</strong></span> <span class='ocrx_word' id='word_1_262' title='bbox 2426 4194 2436 4203; x_wconf 72' lang='lat'><strong>‘</strong></span> 
     </span>
     <span class='ocr_line' id='line_1_36' title="bbox 719 4279 2236 4370; baseline 0.004 -25"><span class='ocrx_word' id='word_1_263' title='bbox 719 4279 1055 4347; x_wconf 83' lang='lat' dir='ltr'><strong>decantet:</strong></span> <span class='ocrx_word' id='word_1_264' title='bbox 1117 4283 1342 4348; x_wconf 89' lang='lat' dir='ltr'><strong>Gloria</strong></span> <span class='ocrx_word' id='word_1_265' title='bbox 1397 4285 1464 4347; x_wconf 88' lang='lat' dir='ltr'><strong>in</strong></span> <span class='ocrx_word' id='word_1_266' title='bbox 1519 4286 1796 4353; x_wconf 82' lang='lat' dir='ltr'><strong>excelsis</strong></span> <span class='ocrx_word' id='word_1_267' title='bbox 1844 4290 2012 4370; x_wconf 71' lang='lat' dir='ltr'><strong>Deo,</strong></span> <span class='ocrx_word' id='word_1_268' title='bbox 2056 4298 2120 4354; x_wconf 73' lang='lat' dir='ltr'><strong>et</strong></span> <span class='ocrx_word' id='word_1_269' title='bbox 2166 4290 2236 4354; x_wconf 80' lang='lat' dir='ltr'><strong>iu</strong></span> 
     </span>
    </p>
   </div>
   <div class='ocr_carea' id='block_1_5' title="bbox 2254 4182 2898 4830">
    <p class='ocr_par' dir='ltr' id='par_1_6' title="bbox 2254 4182 2898 4830">
     <span class='ocr_line' id='line_1_37' title="bbox 2254 4182 2898 4830; baseline 0 -515"><span class='ocrx_word' id='word_1_270' title='bbox 2254 4182 2898 4830; x_wconf 95' lang='lat' dir='ltr'><strong>  </strong></span> 
     </span>
    </p>
   </div>
  </div>
 </body>
</html>
