3309 5309
460 657 501 716 32
720 667 857 713 Joruurs
871 665 1146 712 sannsasnrsusrs
1285 649 1370 725 [cra.
1389 666 1413 712 r.

459 834 572 906 gerunt
586 821 800 905 amplissimos
821 822 1032 901 magistratus.
1078 818 1174 893 Quod
1188 818 1274 881 enim
1289 819 1322 881 in
1338 820 1413 882 aliis

458 926 596 988 futurum
626 933 693 986 erat
716 923 846 986 levioris
872 925 988 1005 culpae,
1014 923 1077 985 hoc
1107 921 1138 983 in
1164 921 1230 984 istis
1259 941 1345 1003 saepe
1373 921 1413 983 fit

459 1025 610 1089 criminis.
655 1025 699 1087 Et
714 1023 845 1107 quidem
868 1044 993 1107 semper
1013 1023 1133 1106 majora
1148 1031 1222 1083 sunt
1237 1043 1310 1103 quae
1326 1021 1411 1084 cele·

457 1126 566 1187 bratus
592 1134 775 1189 contractus
798 1124 992 1201 rescindunt,
1014 1144 1111 1207 quam
1131 1143 1203 1205 quae
1229 1121 1413 1206 impediunt

458 1226 705 1289 contrahendos.
732 1226 832 1289 Porro
848 1225 889 1288 de
904 1227 1029 1303 virtute,
1044 1234 1077 1287 et
1091 1223 1222 1286 veritate
1239 1243 1413 1300 canonum,

457 1327 604 1390 venatica
618 1327 779 1390 clientulis
798 1327 864 1389 suis
886 1346 951 1387 non
970 1325 1066 1387 modo
1088 1322 1206 1387 claudit
1221 1344 1411 1400 ascensum;

458 1428 515 1490 sed
539 1427 655 1490 summi
678 1427 849 1491 sacerdotii
872 1427 1005 1507 gradum
1026 1425 1137 1488 adimit
1155 1422 1223 1508 jam
1246 1424 1410 1508 adeptum.

458 1529 615 1592 Praeclare
630 1528 711 1591 illud
731 1540 766 1591 nt
789 1530 891 1592 multa
906 1529 1001 1591 fertur
1016 1527 1138 1590 dixisse
1155 1525 1410 1590 Themistocles:

457 1631 664 1713 Magistratus
684 1651 704 1693 a
723 1631 808 1694 ludis
827 1641 860 1694 et
879 1631 1123 1714 quibuscunque
1144 1626 1316 1691 levioribus
1339 1650 1410 1692 asae

457 1730 623 1810 arcendos,
637 1753 679 1794 ne
696 1732 879 1815 respublica
893 1730 1002 1794 ludere
1015 1730 1171 1805 videatur,
1187 1728 1411 1811 delectumque

457 1833 638 1910 sui,relicta
652 1833 804 1914 gravitate
820 1831 1021 1913 pronunciet.
1059 1829 1209 1893 stramen
1226 1828 1414 1911 majoribus,

458 1934 545 2017 quod
561 1933 691 2017 quidem
706 1953 811 1995 rarum
827 1944 886 2006 est,
901 1952 957 1994 eos
972 1931 1168 2015 exoccupari
1184 1930 1364 2012 contigerit,
1378 1931 1412 1993 in

458 2034 551 2096 annis
572 2031 809 2109 adolescentia,
831 2053 873 2095 ex
896 2031 1133 2116 dispensatione
1155 2031 1259 2096 aetatis
1280 2031 1412 2114 permit·

458 2144 570 2197 tuntur
583 2133 704 2216 aliquid
727 2134 911 2196 subtrahere
935 2134 1091 2214 gravitati,
1105 2145 1138 2197 et
1158 2135 1192 2196 in
1215 2155 1248 2197 se
1271 2135 1411 2197 clemen-

459 2235 557 2297 tiores
585 2254 667 2309 esse‚
697 2232 784 2315 quod
813 2233 1004 2297 maturitatis
1034 2254 1196 2318 processu,
1225 2234 1412 2317 reipublicae

460 2335 591 2398 utilitati
607 2347 825 2417 compensent.
871 2335 953 2399 Haec
968 2335 1041 2398 ille:
1066 2344 1099 2397 et
1113 2335 1235 2398 utinam
1252 2334 1413 2398 audiretur

459 2458 479 2500 a
499 2437 627 2515 nostris,
642 2445 678 2499 ut
700 2436 813 2500 saltem
835 2437 869 2498 in
890 2436 1083 2520 provectiori
1106 2447 1211 2514 aetata,
1233 2436 1331 2519 nugis
1346 2437 1414 2499 suis

457 2536 642 2621 reipublicae
673 2536 753 2600 seria
782 2535 983 2598 anteferrent.
1037 2536 1130 2598 Tunc
1158 2535 1277 2598 etenim
1307 2546 1411 2598 totum

456 2636 642 2723 reipublicae
658 2658 774 2721 corpus
789 2637 912 2700 roboris
928 2636 976 2699 sui
991 2636 1172 2719 integritate
1188 2635 1409 2717 vigebit,tunc

457 2740 587 2824 optimae
602 2738 843 2824 compositionis
865 2739 972 2820 specie
987 2738 1218 2815 venustabitur,
1233 2749 1266 2801 et
1280 2739 1410 2818 elegan-

456 2842 497 2903 tis
511 2839 759 2924 pulchritudinis
774 2839 922 2903 decoram
938 2838 1059 2914 induet,
1075 2840 1101 2902 si

562 2944 672 3014 Singula
683 2960 792 3015 quaeque
803 2944 888 2997 locum
900 2950 1006 2998 teneant
1018 2946 1109 2997 sortita
1121 2945 1252 3010 decenter,

456 3047 483 3110 si
498 3045 591 3110 fuerit
606 3044 782 3109 officiorum
793 3064 860 3106 uon
874 3042 1030 3120 confinio,
1042 3043 1100 3105 sed
1112 3042 1301 3107 distributio.
1333 3045 1410 3107 Hoc

454 3149 498 3212 ita
512 3149 538 3211 si
553 3148 705 3232 optimam
719 3145 847 3210 vivendi
864 3143 978 3209 ducem
988 3157 1136 3208 naturam
1147 3145 1320 3229 sequimur.
1343 3145 1409 3207 Sed

454 3271 541 3313 nunc
557 3250 644 3334 quod
660 3249 856 3313 medicorum
872 3259 931 3327 est,

562 3353 723 3405 Promittnnt
733 3351 810 3417 fabri,
822 3353 916 3405 medici
928 3352 1032 3405 fabrilia
1043 3357 1165 3415 tractant,

456 3463 489 3514 et
504 3449 644 3513 officium
665 3447 858 3530 praesidendi
873 3470 892 3512 a
906 3451 1111 3513 venatoribus
1133 3460 1165 3512 et
1183 3447 1409 3512 humilioribus

456 3549 570 3613 officiis
585 3556 640 3610 aut
655 3547 751 3609 etiam
773 3544 942 3610 maleficiis
962 3557 1143 3624 mutuatur3
1166 3558 1199 3612 et
1213 3550 1408 3632 privatorum

455 3649 614 3712 temeritas
630 3658 685 3711 aut
698 3646 880 3729 disciplinae
899 3647 1088 3728 ignorantia,
1104 3669 1138 3712 se
1154 3649 1252 3712 audet
1265 3649 1408 3732 publicis

455 3749 572 3815 officiis
587 3748 777 3812 immiscere.

582 3936 661 4019 Cap.
678 3940 708 3998 b.
733 3937 786 3998 Dc
798 3935 883 4014 oleo,
897 3942 929 3997 et
944 3955 1017 4011 oso,
1031 3941 1062 3996 et
1077 3934 1181 3996 obesa
1195 3933 1274 4012 qius.

497 4090 567 4154 San
581 4106 658 4151 ecce
674 4083 749 4147 dnm
765 4092 950 4147 venatorum
969 4084 1123 4147 tumultus
1137 4081 1307 4164 egreditur,
1322 4083 1407 4165 alias,

452 4194 513 4260 etsi
534 4187 769 4263 taciturniores,
782 4194 988 4269 perstrepunt
1008 4206 1113 4268 nugoe.
1157 4182 1284 4247 Tritum
1305 4183 1419 4270 siqui.

451 4297 525 4361 dem
546 4289 746 4377 proverbium
770 4297 829 4365 est,
844 4287 907 4360 Qui
929 4289 1055 4371 lepores
1077 4285 1187 4368 agitat,
1209 4287 1305 4350 verba
1327 4308 1406 4353 con·
