3309 5309
346 693 416 738 oaa.
432 674 495 750 vn]
610 699 615 710 ·
692 691 948 737 marcuarrcus.
1237 680 1300 738 239

346 844 418 907 dem
437 843 510 906 Diis
529 841 631 905 habeo
648 841 796 925 gratiam,
812 863 874 904 non
890 841 1024 926 proinde
1039 842 1115 927 quia
1131 855 1298 918 natusest,

346 967 444 1030 quam
469 966 528 1028 pro
557 967 595 1007 eo
626 942 807 1028 quodcum
829 942 915 1005 nasci
942 941 1076 1026 contigit
1104 943 1301 1027 temporibus

346 1045 422 1110 vitae
449 1057 525 1109 tuae.
572 1045 672 1128 Spero
700 1043 816 1105 etenim
843 1042 921 1117 fore,
950 1058 987 1106 ut
1013 1041 1170 1106 educatus
1195 1043 1302 1105 erudi-

348 1157 467 1230 tusque
482 1168 501 1208 a
517 1159 559 1221 te,
571 1143 690 1227 dignus
704 1143 820 1206 existat
837 1154 868 1204 et
884 1143 987 1218 nobis,
998 1156 1030 1206 et
1046 1165 1151 1207 rerum
1167 1144 1301 1208 istarum

350 1247 562 1332 susceptione.
608 1249 771 1309 Romanos
792 1248 1004 1328 Imperatores
1018 1259 1074 1309 aut
1091 1249 1209 1323 Duces,
1224 1247 1300 1311 dum

351 1368 463 1410 corum
486 1345 666 1431 respublica
686 1344 798 1427 viguit,
813 1343 981 1407 illiteratos
995 1345 1137 1408 extitisse
1153 1368 1215 1408 non
1239 1369 1304 1408 me·

350 1447 440 1512 mini.
486 1448 531 1511 Et
546 1446 651 1512 nescio
674 1444 834 1531 quomodo
855 1445 1001 1527 contigit,
1016 1445 1102 1530 quod
1125 1469 1165 1509 ex
1181 1470 1247 1532 quo
1269 1450 1303 1510 in

350 1549 550 1636 principibus
570 1550 674 1614 virtus
693 1548 818 1632 languit
841 1547 1014 1626 literarum,
1029 1561 1158 1611 armatae
1175 1572 1304 1635 quoque

351 1651 476 1716 militiae
505 1651 664 1714 infirmata
693 1662 740 1712 est
770 1671 894 1726 manus,
920 1660 952 1710 et
978 1648 1078 1734 ipsius
1107 1649 1305 1735 principatus

352 1753 444 1836 quasi
459 1751 589 1836 praecisa
600 1749 702 1814 radix.
736 1753 805 1814 Nec
817 1749 1051 1834 mirum‚quum
1064 1748 1130 1813 sine
1142 1751 1308 1836 sapientia,

356 1853 465 1916 nullus
487 1866 581 1930 stare,
602 1863 659 1915 aut
682 1874 748 1915 esse
770 1851 874 1915 valeat
896 1851 1102 1937 principatus.
1148 1853 1230 1930 Quia
1257 1876 1307 1918 sa·

355 1955 474 2041 pientia
491 1955 553 2017 Dei
568 1954 664 2029 dixit,
681 1954 756 2019 Sine
771 1976 821 2016 me
842 1953 920 2017 nihil
942 1953 1075 2038 potestis
1089 1954 1204 2017 facere.
1252 1957 1306 2018 So-

354 2069 456 2122 crates
477 2055 633 2142 Apollinis
647 2055 776 2119 oraculo
794 2055 1044 2141 sapientissimus
1061 2055 1227 2141 judicatus
1247 2070 1305 2136 est,

355 2159 459 2244 etqui
476 2157 542 2222 sine
560 2157 808 2222 contradictione
827 2170 947 2243 septem
965 2157 1049 2234 illos,
1064 2159 1121 2243 qui
1138 2157 1216 2222 dicti
1232 2173 1306 2223 sunt

356 2260 522 2346 sopientes,
537 2259 827 2346 incomparabiliter
839 2259 1015 2335 antecessit,
1031 2261 1142 2323 nonin
1158 2261 1307 2346 opinione

357 2362 529 2450 sapientiae,
549 2364 602 2426 sed
621 2367 752 2443 virtute,
774 2376 851 2427 tunc
873 2362 1002 2427 demum
1023 2363 1218 2449 respublicas
1237 2365 1305 2426 fore

356 2464 466 2528 beatas
488 2465 634 2543 asseruit,
658 2467 683 2529 si
706 2488 758 2528 eas
780 2465 962 2551 philosophi
985 2477 1140 2549 regerent,
1162 2480 1217 2529 aut
1241 2489 1307 2529 rec-

357 2577 440 2627 tores
455 2587 563 2628 earum
580 2566 708 2630 studere
724 2565 888 2649 sapientiae
903 2565 1097 2648 contigisset.
1143 2567 1188 2628 Et
1204 2569 1230 2628 si
1245 2565 1304 2629 tibi

358 2668 498 2731 Socratis
522 2667 648 2731 videtur
675 2665 904 2729 contemnenda
930 2665 1120 2727 auctoritas:
1160 2668 1222 2729 Per
1247 2688 1308 2745 me,

356 2767 463 2853 iuquit
485 2770 650 2855 sapientia,
672 2790 761 2852 reges
782 2779 926 2851 regnant,
947 2778 979 2830 et
1002 2766 1180 2830 conditores
1200 2767 1307 2853 legum

353 2870 443 2954 justa
458 2870 642 2934 decernunt.
687 2872 747 2933 Per
770 2892 819 2933 me
842 2868 1002 2954 principes
1022 2871 1191 2953 imperant,
1207 2883 1238 2933 et
1253 2893 1309 2954 po-

357 2984 460 3037 tentes
472 2973 646 3035 decernunt
656 2971 828 3056 justitiam.
866 2973 939 3054 Ego
954 2970 1122 3054 diligentes
1133 2994 1183 3034 me
1198 2973 1309 3057 diligo,

357 3086 388 3138 et
405 3074 464 3158 qui
480 3095 570 3134 mane
594 3071 794 3154 vigilaverint
814 3072 854 3135 ad
875 3094 936 3152 me,
950 3071 1109 3136 invenient
1132 3095 1191 3137 me.
1237 3076 1309 3138 Me·
1357 3156 1365 3162 ἡ

357 3198 431 3240 cum
457 3187 530 3238 sunt
545 3173 667 3237 divitia
682 3186 714 3238 et
737 3174 851 3259 gloria,
867 3195 945 3258 opes
961 3174 1106 3259 superbae
1121 3186 1154 3237 et
1172 3175 1308 3260 justitia.

360 3277 479 3340 Melior
505 3288 553 3339 cst
583 3275 709 3339 fructus
734 3297 823 3338 meus
850 3296 939 3349 auro,
967 3288 999 3339 et
1026 3275 1131 3360 lapide
1161 3277 1309 3361 pretioso,

358 3378 520 3463 genimina
542 3400 612 3440 mea
633 3389 766 3463 argento
789 3377 900 3441 electo.
947 3376 983 3440 ln
1008 3377 1067 3441 viis
1086 3378 1223 3463 justitiae
1245 3404 1310 3445 am-

360 3480 447 3554 bulo,
464 3483 495 3544 in
510 3480 615 3543 medio
632 3480 813 3544 semitarum
831 3478 960 3564 judicii,
977 3492 1014 3544 ut
1029 3480 1127 3545 ditem
1143 3482 1311 3568 diligentes

362 3604 423 3656 me,
439 3594 470 3646 et
486 3583 650 3646 thesauros
670 3603 780 3646 eorum
800 3581 948 3666 repleam.
994 3584 1098 3648 Item:
1137 3590 1247 3652 Meum
1262 3601 1310 3652 est

362 3683 527 3747 consilium
556 3697 589 3747 et
615 3684 763 3768 aequitas,
789 3705 859 3745 mea
884 3698 932 3748 est
958 3685 1141 3769 prudentia,
1168 3711 1238 3754 mea
1263 3703 1311 3754 est

363 3785 532 3852 fortitudo.
571 3788 614 3851 Et
632 3786 723 3851 alibi:
748 3787 896 3872 Accipite
910 3787 1121 3873 disciplinam,
1136 3805 1168 3856 et
1181 3813 1243 3855 non
1260 3817 1313 3880 pe-

363 3887 499 3967 cuniam,
510 3887 686 3953 doctrinam
698 3889 905 3974 magisquam
920 3913 1034 3956 aurum
1050 3892 1168 3979 eligite.
1193 3896 1310 3960 Melior

364 4002 411 4052 est
440 3990 523 4053 enim
550 3990 704 4075 sapientia
723 3991 847 4056 cunctis
874 3995 989 4079 opibus
1015 3996 1258 4080 pretiosissimis,
1281 4010 1313 4059 et

365 4114 457 4154 omne
480 4091 687 4157 desiderabile
709 4097 740 4158 ei
760 4117 823 4157 uon
847 4109 952 4180 potest
974 4098 1159 4183 comparari.
1205 4096 1312 4168 Quum

365 4193 500 4274 gentiles
511 4192 588 4257 nihil
599 4194 664 4258 sine
675 4209 757 4261 nutu
771 4197 937 4261 numinum
948 4198 1111 4262 crederent
1123 4194 1316 4276 faciendum,

365 4315 465 4357 unum
485 4307 589 4358 tamen
609 4297 701 4379 quasi
723 4300 826 4360 Deum
849 4295 994 4374 deorum,
1013 4309 1045 4360 et
1064 4294 1205 4360 omnium
1229 4297 1316 4376 prin-
