3309 5309
347 724 416 769 cle.
433 706 515 786 xia]
691 721 943 767 rourcnsrrcus.
1235 709 1299 768 819

349 897 422 940 vero
447 877 659 938 calumniatus
681 895 726 949 es,
748 874 975 938 condemnarit
994 895 1087 937 eum:
1114 884 1147 938 et
1163 876 1241 940 licet
1263 876 1304 940 de

347 999 447 1062 poene
467 978 607 1042 iufamiae
628 977 708 1040 nihil
730 976 917 1061 subjecerit,
937 985 1044 1040 tamen
1065 987 1208 1059 potestas
1228 979 1308 1059 legis

348 1078 497 1142 adversus
528 1100 601 1141 eum
631 1077 844 1154 exercebitur,
880 1076 962 1140 adeo
1002 1089 1037 1140 ut
1071 1079 1221 1163 importet
1253 1080 1303 1142 in-

348 1181 489 1244 iamiam.

487 1351 567 1434 Cap.
588 1350 637 1414 14.
661 1350 713 1413 De
728 1351 854 1412 ratione
869 1353 1167 1414 instrumentorum.

391 1488 441 1548 Ar
457 1485 491 1547 in
512 1487 583 1567 ipsa
600 1484 823 1567 disquisitione
844 1485 981 1558 consilii,
1010 1495 1074 1548 tam
1102 1486 1136 1548 in
1158 1487 1307 1552 civilibus

349 1608 444 1670 quam
474 1586 693 1649 criminalibus
719 1586 837 1659 causis,
865 1585 907 1647 ad
933 1587 1166 1650 examinandas
1189 1591 1304 1672 proba·

347 1690 465 1767 tiones,
476 1690 758 1752 instrumentorum
773 1689 853 1751 ratio
869 1688 1017 1751 habenda
1027 1701 1086 1753 est.
1120 1691 1165 1752 Et
1175 1691 1303 1774 quidem

350 1792 562 1854 iustrumenta
590 1791 741 1853 dicuntur
771 1789 892 1864 omnia,
919 1791 1036 1872 quihus
1067 1810 1164 1853 causa
1192 1791 1306 1855 instrui

347 1901 464 1974 potest,
484 1892 551 1953 sive
576 1891 640 1953 siut
659 1890 852 1966 testimonia,
873 1890 938 1952 sire
959 1901 1075 1953 testes:
1103 1891 1174 1954 haec
1196 1899 1302 1956 tamen

348 1992 413 2056 illis
429 1994 553 2075 potiora
568 2001 653 2068 sunt,
664 2013 702 2054 eo
713 1991 801 2075 quod
815 2002 911 2054 testes
925 1993 1117 2056 testimoniis
1131 1994 1301 2078 praeferan-

348 2104 406 2157 tur.
449 2096 534 2157 Nam
550 2115 649 2177 quum
665 2104 761 2157 testes
776 2094 954 2157 examinari
969 2096 1105 2177 possint,
1121 2096 1302 2160 testimonia

349 2216 484 2279 semper,
507 2207 539 2258 et
562 2195 648 2278 apud
672 2217 784 2259 omnes
807 2196 920 2258 eadem
943 2207 1026 2259 sunt.
1071 2198 1111 2259 In
1134 2197 1204 2279 ipsa
1226 2218 1302 2262 vero

349 2297 475 2359 testium
500 2289 752 2375 examinatione,
778 2319 844 2360 non
867 2310 974 2380 potest
997 2319 1040 2360 ex
1063 2299 1172 2380 regula
1194 2298 1302 2381 aliqua

348 2395 487 2476 diffiniri,
499 2398 577 2481 quid
592 2398 695 2480 magis
705 2397 850 2482 judicem
866 2399 958 2482 sequi
973 2408 1128 2480 oporteat.
1166 2400 1201 2462 Si
1216 2399 1301 2461 enim

348 2519 458 2562 omnes
474 2511 570 2563 testes
585 2499 729 2582 ejusdem
750 2500 928 2562 honestatis
943 2511 975 2562 et
990 2500 1211 2563 aestimationis
1227 2501 1301 2577 sint,

348 2611 379 2663 et
400 2602 521 2682 negotii
544 2603 693 2685 qualitas,
715 2622 752 2664 ac
774 2600 898 2685 judicis
923 2614 1029 2663 motus
1051 2622 1125 2664 cum
1147 2601 1198 2663 bis
1222 2622 1298 2664 con·

347 2704 489 2778 currerit,
505 2686 763 2785 sequendasunt
783 2702 892 2765 omnia
910 2701 1101 2764 testimonia.
1148 2701 1204 2764 Sin
1226 2723 1302 2764 vero
1387 2710 1390 2715 '

348 2805 481 2887 quidam
504 2826 614 2868 eorum
637 2803 724 2868 uliud
748 2803 898 2882 dixerint,
915 2804 992 2867 licet
1012 2803 1046 2865 iu
1069 2804 1138 2885 pari
1157 2824 1303 2882 numero,

348 2906 541 2970 credendum
564 2906 719 2990 estquod
741 2917 864 2970 naturae
887 2905 1008 2987 negotii
1031 2905 1193 2982 convenit,
1212 2904 1301 2989 quod

347 3007 524 3070 inimicitiae
540 3018 595 3071 aut
611 3010 719 3089 gratiae
733 3008 916 3091 suspicione
932 3017 1027 3084 caret,
1039 3007 1301 3090 confirmabitque

343 3107 446 3193 judex
461 3121 583 3172 motum
600 3108 697 3172 animi
713 3111 763 3172 sui
778 3132 820 3173 ex
836 3107 1032 3190 argumentis
1048 3117 1080 3170 et
1100 3108 1301 3186 testimoniis,

348 3232 419 3294 quae
435 3211 481 3273 rei
495 3213 630 3293 aptiora,
644 3223 677 3274 et
701 3234 772 3273 vero
793 3211 989 3294 proximiora
1009 3232 1078 3273 esse
1100 3209 1298 3292 compererit

348 3311 424 3373 Non
447 3311 533 3373 enim
555 3311 597 3374 ad
623 3310 862 3377 multitudinem
885 3312 1000 3394 respici
1023 3322 1157 3394 oportet,
1179 3311 1235 3374 sed
1258 3309 1299 3373 ad

348 3413 503 3475 sinceram
527 3410 655 3476 testium
677 3412 787 3492 fidem,
802 3424 834 3477 et
855 3413 1047 3492 testimonia,
1063 3414 1180 3496 quibus
1195 3412 1303 3496 potius

346 3513 404 3575 lux
419 3514 559 3577 veritatis
575 3515 703 3577 assistit.
750 3514 837 3597 Ipsis
852 3535 981 3598 quoque
998 3514 1301 3598 praesumptionibus

347 3613 602 3697 frequentissime
632 3617 740 3691 stabit,
772 3616 875 3679 donec
912 3617 1063 3698 probetur
1098 3615 1299 3678 contrarium.

346 3716 432 3778 Nam
446 3727 477 3780 et
487 3717 649 3794 Salomon,
660 3739 758 3799 quum
770 3719 802 3779 in
814 3717 917 3797 litigio
931 3717 1130 3779 meretricum
1145 3716 1299 3779 infantem

347 3816 449 3880 dividi
465 3819 684 3901 praecepisset,
699 3831 731 3882 et
746 3820 844 3881 altera
866 3840 938 3880 eum
959 3820 1068 3881 mallet
1083 3819 1172 3882 alteri
1194 3819 1301 3880 vivum

346 3919 470 3992 cedere,
487 3921 558 4001 ipsa
574 3929 678 3982 tamen
694 3920 899 3996 reclamante,
914 3921 985 3983 Nec
1001 3921 1078 3982 mihi
1094 3942 1154 3984 nec
1170 3921 1229 3983 tibi
1246 3921 1298 3994 sit,

345 4020 403 4083 sed
419 4021 588 4096 dividatur,
603 4023 651 4084 illi
674 4022 779 4084 vivum
800 4023 953 4086 infantem
974 4022 1203 4086 restituendum
1224 4040 1300 4081 cen·

346 4122 420 4200 suit,
435 4145 506 4205 quae
526 4145 590 4185 non
614 4123 784 4205 acquievit,
805 4135 840 4185 ut
860 4126 949 4186 vivus
969 4136 1150 4185 moreretur.
1196 4123 1298 4201 Argu-

346 4234 453 4285 meuto
484 4223 639 4306 siquidem
680 4223 841 4305 probabili
877 4224 1068 4296 trahebatur,
1097 4232 1131 4282 ut
1165 4228 1297 4282 matrem

350 4324 493 4388 crederet
513 4347 585 4408 quee
609 4325 785 4406 diligebat3
817 4347 914 4407 quum
937 4325 1121 4406 opinionem
1141 4321 1221 4404 ejus,
1242 4334 1296 4385 aut
