3309 5309
354 672 419 732 268
617 684 753 732 Jounnrs
769 683 1046 732 saussuurnsnsrs
1180 665 1263 752 [nm.
1279 686 1307 733 u.

355 836 492 916 nomine,
517 838 560 900 sic
587 841 674 902 Deus
700 860 809 902 omnes
832 836 968 923 replebit
993 838 1120 914 electos,
1147 851 1195 915 ut,
1221 840 1308 903 omni

355 940 538 1005 infirmitate
562 954 593 1005 et
618 941 833 1006 mutabilitate
856 942 1017 1026 absorpta,
1044 966 1142 1029 quum
1173 944 1308 1008 mortale

355 1041 634 1119 immortalitatem,
662 1059 694 1106 et
723 1043 942 1128 corruptibile,
969 1044 1307 1130 incorruptibilitatem

354 1140 507 1219 induerit,
520 1143 610 1206 Deus
623 1143 690 1207 iere
705 1143 792 1209 solus
807 1146 840 1208 in
856 1145 1003 1209 omnibus
1013 1158 1215 1229 agnoscatur.
1255 1145 1306 1211 Ad

354 1242 436 1309 banc
459 1245 601 1310 nonnulli
625 1246 812 1310 sententiam
828 1246 983 1322 referunt,
998 1245 1087 1331 quod
1111 1246 1216 1330 angeli
1238 1247 1305 1332 jam

354 1345 475 1411 futurae
504 1344 713 1410 beatitudiuis
745 1345 924 1431 participes,
954 1345 1015 1410 visi
1048 1346 1089 1409 ab
1125 1346 1307 1410 bominibus

353 1445 539 1522 adorantur,
554 1470 592 1511 eo
608 1446 696 1533 quod
710 1448 743 1510 in
759 1446 803 1511 eis
818 1446 885 1510 visa
899 1459 946 1511 est
968 1446 1115 1532 quadam
1140 1447 1308 1531 prasentia

354 1546 493 1624 deitatis,
519 1571 622 1635 quum
644 1561 749 1612 mmen
772 1562 949 1612 creaturam
972 1569 993 1610 a
1013 1559 1159 1611 creatura
1181 1547 1308 1611 adorari

354 1650 560 1723 omninonon
577 1649 678 1715 liceat.
724 1649 776 1714 Sic
791 1649 887 1713 etiam
910 1648 943 1713 in
959 1647 1039 1711 facie
1062 1647 1237 1713 Salvatoris
1252 1649 1308 1712 ali·

354 1751 435 1836 quid
458 1752 586 1818 deitatis
608 1751 814 1837 resplenduit,
833 1750 962 1837 quando
985 1750 1025 1814 de
1046 1750 1200 1815 funiculis
1222 1750 1307 1815 facto

355 1850 492 1938 flagello,
504 1854 676 1918 vendentes
686 1866 719 1917 et
734 1865 873 1916 ementes
887 1852 979 1938 ejecit
993 1852 1033 1917 de
1049 1852 1178 1937 templo,
1190 1851 1307 1916 docens

353 1975 478 2017 omnem
504 1954 749 2036 negotiationem
773 1952 1046 2018 exterminandam
1072 1976 1140 2017 esse
1165 1976 1185 2017 a
1211 1951 1307 2016 domo

354 2054 514 2118 orationis.
562 2056 600 2118 ln
627 2055 697 2119 aliis
723 2078 797 2120 vero
823 2055 881 2120 etsi
911 2055 993 2119 adsit
1020 2054 1198 2119 divinitatis
1222 2077 1306 2140 prae·

354 2158 465 2236 sentia,
480 2156 647 2242 plenitudo
667 2160 736 2243 ejus
750 2159 782 2221 in
806 2158 955 2244 praesent'r
978 2178 1181 2243 nequaquam
1204 2157 1306 2236 adest,

355 2257 409 2321 sed
437 2280 667 2343 usquequaque
693 2258 789 2323 latere
815 2282 878 2323 non
906 2271 1020 2345 potest.
1066 2260 1128 2323 Est
1149 2257 1252 2341 igitur
1273 2259 1306 2321 in

353 2359 517 2444 majestate
539 2359 701 2438 mirabilis,
723 2360 911 2426 venerabilis
933 2362 964 2424 in
988 2360 1152 2445 sapientia,
1176 2383 1196 2424 a
1216 2360 1306 2424 boni-

354 2471 419 2525 tate
440 2459 594 2535 amabilis,
617 2472 649 2524 et
672 2460 757 2526 bunc
782 2462 903 2528 cultum
929 2463 1010 2526 citra
1034 2484 1157 2526 omnem
1185 2461 1303 2525 medie-

353 2573 450 2624 tatem
479 2573 583 2647 potest
612 2562 641 2625 ei
671 2562 775 2626 fidelis
802 2563 985 2649 impendere
1011 2576 1166 2628 creatura.
1216 2560 1303 2638 Quid

352 2662 436 2725 enim
452 2684 576 2726 necesse
590 2674 638 2726 est
653 2662 694 2727 ad
710 2662 769 2727 boc
782 2675 818 2727 ut
830 2686 902 2726 eum
916 2662 1094 2739 timeamus,
1108 2684 1306 2741 veneremur,

352 2774 384 2827 et
400 2762 594 2847 diligamus?
625 2765 671 2830 Et
686 2764 737 2828 bic
751 2765 835 2829 forte
849 2778 897 2829 est
911 2763 1075 2828 funiculus
1090 2763 1206 2848 triplex
1222 2763 1305 2827 inter

352 2877 524 2929 creatorem
547 2880 578 2930 et
601 2880 791 2943 creaturam,
807 2870 863 2952 qui
886 2866 976 2931 facile
999 2864 1079 2931 solvi
1100 2887 1162 2929 non
1185 2877 1305 2952 potest.

328 3021 331 3027 ,
355 2968 418 3033 Sed
448 2971 590 3034 omnium
620 2970 818 3034 tenacissima
846 2981 895 3034 est
924 2973 971 3034 vis
1000 2970 1125 3034 amoris.
1179 2972 1305 3035 Caritas

353 3069 510 3156 siquidem
541 3094 704 3157 nunquam
736 3071 865 3152 excidit,
894 3095 967 3157 quae
997 3073 1022 3136 si
1051 3072 1125 3157 quis
1160 3070 1304 3135 adhaeret

352 3174 434 3253 Deo,
449 3175 557 3239 unitur
572 3175 611 3254 ei,
626 3187 745 3238 etcum
763 3197 800 3238 eo
816 3197 899 3238 unus
921 3174 1052 3259 spiritus
1074 3186 1132 3237 est.
1178 3173 1304 3257 Utique

349 3262 406 3360 qui
422 3276 533 3341 unitur
546 3281 587 3351 ei,
600 3289 632 3341 et
647 3279 730 3341 sicut
747 3298 830 3340 unus
846 3276 987 3361 spiritus,
1004 3276 1047 3339 sic
1063 3274 1227 3340 familiaris
1241 3286 1301 3350 est,

350 3390 383 3441 et
402 3377 443 3440 ab
466 3378 620 3461 obsequio
642 3380 712 3465 ejus
736 3380 826 3465 quod
851 3392 896 3443 est
922 3379 953 3441 in
977 3377 1103 3464 spiritu,
1118 3376 1216 3441 arceri
1238 3397 1301 3439 non

350 3489 462 3562 potest.
514 3479 574 3543 Ille
597 3492 705 3544 autern
730 3480 845 3556 cultus,
869 3479 981 3567 quiin
1006 3478 1172 3543 exterioris
1195 3476 1300 3562 operis

349 3578 544 3644 exhibitione
567 3583 721 3658 consistit,
736 3582 842 3646 medio
861 3581 995 3667 indiget,
1011 3605 1048 3645 eo
1072 3580 1157 3665 quod
1174 3578 1215 3643 ad
1239 3581 1302 3664 spi-

350 3680 456 3761 ritum,
471 3684 642 3769 corporalis
657 3684 748 3749 nobis
763 3706 825 3747 non
851 3696 939 3769 patet
964 3705 1124 3748 accessus:
1156 3680 1244 3768 quod
1269 3691 1301 3742 et

349 3780 439 3846 illum
454 3783 586 3867 planum
601 3798 649 3848 est
664 3785 821 3860 docuisse,
837 3786 893 3871 qui
914 3786 946 3849 in
971 3784 1167 3849 Samaritana
1189 3782 1301 3847 Eccle-

348 3880 426 3947 siam
452 3882 621 3962 instruens,
643 3886 704 3950 ait:
747 3888 886 3971 Spiritus
911 3901 959 3952 est
984 3890 1085 3964 Deus,
1107 3900 1139 3950 et
1164 3908 1217 3948 eos
1243 3884 1300 3969 qui

347 3984 458 4048 volunt
473 3983 615 4060 adorare,
631 3984 663 4047 in
680 3988 793 4070 spiritu
809 4000 841 4052 et
859 3989 990 4052 veritate
1005 4000 1131 4073 oportet
1155 3986 1301 4050 adorare.

349 4087 397 4152 Ut
413 4100 517 4151 tamen
532 4086 572 4150 ad
593 4085 742 4152 thronum
758 4088 844 4153 illius
868 4112 1059 4175 quocunque
1083 4088 1179 4153 modo
1194 4088 1299 4151 bumi-

346 4187 445 4252 litatis
460 4202 576 4255 nostrae
591 4187 780 4252 conscendat
791 4190 971 4264 infirmitas,
985 4202 1016 4254 et
1029 4189 1168 4273 aliquam
1181 4188 1298 4253 babeat

347 4293 510 4356 materiam
526 4292 723 4368 meritorum,
740 4291 926 4357 sensualiter
946 4291 1006 4356 coli
1024 4290 1135 4371 voluit,
1151 4290 1206 4375 qui
1231 4311 1300 4353 sen-
