3309 5309
350 668 465 747 mou]
698 686 952 735 misceremus.
1271 678 1309 737 lt

349 850 435 915 sunt,
447 838 510 902 nisi
525 838 602 921 quia
616 838 772 922 quicquid
784 839 903 922 ubique
914 842 999 904 bene
1016 840 1138 905 dictum
1152 850 1211 918 est,
1223 843 1308 909 facio

348 961 467 1018 meum,
482 950 517 1003 et
528 938 611 1002 illud
632 959 719 1003 nune
740 940 820 1003 meis
840 938 881 1003 ad
902 940 1142 1025 compendium,
1155 962 1243 1005 nunc
1264 943 1308 1007 ad

348 1040 448 1105 fidem
463 1038 731 1103 etauctoritatem
743 1038 857 1102 alienis
872 1041 1018 1124 exprimo
1029 1042 1141 1105 verbis
1173 1043 1220 1105 Et
1230 1044 1308 1126 quia

350 1143 449 1206 semel
461 1141 547 1225 coepi
558 1142 697 1204 revelare
710 1141 826 1203 mentis
840 1162 966 1218 arcana,
979 1144 1191 1224 arrogantiam
1202 1164 1307 1208 meam

349 1243 478 1327 plenius
500 1241 681 1306 denudabo.
726 1242 848 1306 Omnes
870 1264 944 1325 ergo
968 1242 1026 1327 qui
1052 1244 1133 1307 mihi
1153 1244 1189 1307 in
1209 1247 1306 1311 verbo

350 1354 405 1408 aut
430 1365 528 1427 opere
554 1343 819 1428 philosophantes
845 1352 1030 1422 occurrunt,
1056 1366 1145 1409 meos
1170 1346 1306 1410 clientes

350 1467 421 1510 esse
436 1446 581 1523 arbitror,
596 1456 629 1509 et
642 1443 731 1530 quod
747 1444 851 1529 majus
872 1457 930 1524 est,
946 1446 1027 1509 mihi
1041 1446 1178 1512 vendico
1193 1448 1226 1511 in
1241 1468 1304 1511 ser·

349 1548 500 1624 vitutem3
520 1547 600 1611 adeo
615 1547 746 1632 quidem
762 1556 797 1610 ut
811 1547 848 1611 in
863 1543 1087 1612 traditionibus
1101 1549 1169 1612 suis
1183 1550 1306 1633 seipsos

348 1669 406 1732 pro
422 1669 475 1711 me
489 1648 609 1731 linguis
631 1647 789 1732 objiciant
810 1646 1034 1712 detractorum.
1079 1649 1166 1711 Nam
1180 1658 1213 1713 et
1233 1651 1307 1715 illos

348 1749 445 1813 laudo
468 1759 624 1813 auctores.
670 1750 788 1832 Neque
810 1747 903 1811 illum
925 1748 1146 1811 Alexandrum
1168 1748 1243 1829 vidi,
1256 1751 1308 1814 vel

349 1850 530 1916 Caesarem:
559 1872 622 1914 nec
639 1850 816 1928 Socratem,
832 1850 1050 1928 Zenonemre,
1063 1849 1233 1914 Platonem
1253 1861 1309 1915 aut

349 1953 552 2017 Aristotelem
568 1954 769 2038 disputantes
784 1951 912 2030 audivi3
943 1952 984 2017 de
998 1952 1049 2016 his
1064 1964 1172 2017 mmen
1187 1961 1220 2017 et
1237 1955 1308 2018 aliis

299 2077 301 2086 ·
350 2076 442 2139 aeque
457 2056 588 2137 ignotis,
602 2055 644 2119 ad
658 2056 828 2119 utilitatem
844 2055 1018 2136 legentium
1041 2054 1137 2119 retuli
1158 2056 1304 2139 plurima.

350 2156 441 2220 Cedo
468 2167 577 2220 nmen
598 2178 640 2220 ne
661 2156 770 2222 videar
792 2157 1000 2221 contentione
1026 2157 1176 2239 gaudere,
1199 2168 1232 2222 et
1252 2179 1304 2221 me

349 2258 505 2322 officiosis
534 2259 635 2322 fateor
660 2279 752 2323 usum
782 2280 854 2323 esse
883 2258 1072 2335 mendaciis,
1098 2268 1132 2322 et
1160 2259 1187 2322 si
1214 2259 1307 2323 aliter

350 2362 483 2425 aemulus
499 2382 567 2425 non
580 2361 730 2445 quiescit,
746 2362 899 2444 quoniam
914 2371 947 2425 et
968 2382 1028 2443 ego
1043 2382 1151 2425 meum
1166 2361 1304 2425 Cornifi·

347 2461 435 2526 cium
457 2461 563 2526 habco
584 2471 617 2525 et
638 2462 832 2539 Lanuvium,
855 2484 907 2527 me
931 2462 1096 2527 mendacii
1120 2483 1209 2525 reum
1233 2482 1304 2526 esse

346 2564 526 2642 consentio,
541 2564 596 2648 qui
612 2564 766 2648 scriptum
780 2565 866 2643 novi,
881 2565 958 2649 quia
978 2563 1195 2628 omnishomo
1215 2584 1304 2626 men·

347 2666 433 2742 dax;
461 2666 543 2730 adeo
566 2667 708 2752 quidem,
724 2676 760 2731 ut
780 2688 843 2732 nec
866 2677 991 2730 vastum
1012 2674 1139 2751 pectus,
1159 2663 1304 2747 turgidus

346 2777 467 2846 venter,
491 2767 614 2832 tumida
638 2767 738 2832 facies
762 2776 796 2831 et
820 2766 1012 2845 rubicunda,
1037 2766 1148 2849 lingua
1172 2786 1304 2851 procax,

346 2869 479 2943 insulsa,
506 2880 539 2933 et
563 2870 701 2953 paratior
724 2890 830 2933 mores
856 2868 1023 2935 corrodere
1048 2868 1180 2947 alienos,
1205 2887 1303 2951 quam

346 2972 502 3055 corrigere
525 2993 610 3049 suos,
632 2982 775 3035 nostrum
801 2972 959 3054 receperit
985 2971 1176 3035 Lanuvium.
1222 2968 1303 3040 Quis

345 3073 415 3156 ipse
445 3073 498 3148 sit,
518 3073 580 3135 nisi
605 3074 646 3135 ab
671 3072 797 3155 injuriis
821 3081 989 3155 temperet,
1011 3070 1130 3148 dicam,
1152 3078 1185 3131 et
1209 3068 1305 3151 plane

345 3181 535 3255 cognoscet,
547 3173 622 3253 quia
631 3172 841 3234 inveteratum
857 3192 938 3249 esse,
948 3171 1078 3253 plenam
1093 3190 1161 3231 non
1173 3167 1307 3247 confert,

345 3296 404 3341 uec
419 3275 579 3354 integram
594 3280 698 3335 servat
709 3272 940 3334 auctoritatem.
977 3269 1138 3333 Procedat
1152 3278 1258 3333 tamen
1273 3276 1306 3334 et

345 3375 501 3458 publicet,
516 3382 629 3456 arguat
644 3393 753 3436 meum
768 3374 891 3437 ratione
906 3369 955 3435 vel
970 3370 1158 3436 auctoritate
1173 3371 1304 3437 menda·

346 3478 444 3554 cium,
469 3485 502 3539 et
530 3497 591 3557 ego
617 3477 668 3538 vel
694 3474 735 3538 ad
764 3474 891 3539 inimici
917 3495 1029 3538 vocem
1053 3495 1119 3538 non
1149 3474 1302 3558 refugiam

346 3577 528 3655 emendari3
558 3578 623 3640 imo
644 3588 676 3640 et
697 3577 835 3641 amioum
859 3575 984 3653 ducam,
1000 3575 1056 3660 qui
1077 3598 1184 3640 meum
1208 3577 1302 3640 casti·

345 3679 436 3761 gabit
456 3699 602 3742 errorem.
648 3677 684 3741 Si
706 3688 813 3742 tamen
827 3687 860 3742 et
878 3676 998 3742 alicubi
1020 3688 1188 3741 auctorum
1211 3676 1302 3741 aliter

346 3802 441 3864 quam
465 3780 656 3864 scripserim,
676 3780 864 3855 inveniatur,
883 3800 948 3842 non
971 3778 1044 3841 ideo
1067 3777 1228 3842 constabit
1249 3799 1301 3842 me

345 3903 415 3945 esse
428 3883 606 3956 mentitum,
620 3903 719 3966 quum
730 3882 764 3945 in
777 3880 1041 3963 strategematicis
1051 3880 1232 3954 historicos,
1245 3880 1301 3964 qui

344 3986 526 4068 frequenter
546 3984 743 4048 abinvicem
766 3982 932 4062 dissident,
948 3982 1010 4046 sim
1033 3993 1198 4067 sequutus,
1213 3992 1246 4045 et
1266 3982 1301 4044 in

344 4086 579 4170 philosophicis
596 4086 780 4151 academice
801 4082 982 4169 disputans,
997 4107 1057 4170 pro
1078 4085 1210 4149 rationis
1233 4106 1301 4147 mo-

346 4186 433 4267 dulo,
445 4210 518 4272 quae
529 4190 749 4265 occurrebant,
760 4186 942 4270 probabilia
957 4195 1095 4250 sectatus
1111 4206 1191 4248 sum.
1229 4184 1301 4245 Nee

346 4288 610 4353 Academicorum
622 4290 776 4353 erubesco
790 4287 1034 4372 professionem,
1045 4287 1102 4369 qui
1116 4286 1151 4348 in
1162 4282 1213 4345 his
1227 4301 1300 4365 quae
