3309 5309
345 672 408 731 ant
616 678 755 724 scaurus
770 676 1054 721 sanasanaiansrs
1169 655 1250 733 [mn.
1267 677 1297 718 v.

347 856 399 898 me
420 831 515 897 credo
538 831 652 896 vidisse
671 828 815 893 ostiarios
839 827 981 893 Cerbero
1000 826 1152 892 duriores.
1200 825 1299 910 Apud

347 935 464 998 interos
478 943 583 996 tamen
608 929 767 996 Cerberus
787 950 871 992 unus
890 941 947 992 est.
993 931 1082 1002 Quot
1102 940 1177 991 sunt
1197 925 1300 989 diver-

348 1033 448 1100 ticula
463 1032 652 1107 Curulium,
664 1043 713 1096 tot
730 1030 861 1097 Cerberi
875 1042 959 1094 sunt.
997 1030 1159 1095 Atrienses
1173 1051 1301 1114 quoque

349 1135 505 1203 Cerberos
519 1133 700 1210 sustinebis,
717 1145 883 1218 totamque
903 1130 1071 1209 familiam,
1085 1154 1159 1217 quae
1179 1152 1301 1215 semper

348 1249 406 1302 aut
421 1235 556 1311 mordet,
571 1248 627 1301 aut
647 1233 756 1300 latrat.
800 1234 921 1299 Omnes
939 1255 1016 1296 vero
1033 1244 1195 1318 quotquot
1217 1244 1301 1306 sunt,

349 1343 383 1405 in
413 1362 477 1403 uno
506 1336 643 1402 medicos
672 1335 858 1411 audierunt,
889 1334 1052 1399 dicentes:
1091 1336 1180 1398 Dum
1217 1332 1299 1398 dolet

352 1443 471 1526 accipe,
494 1437 611 1503 facturi
630 1439 724 1502 etiam
749 1440 774 1502 si
794 1436 854 1501 sibi
872 1436 1023 1522 expedire
1042 1435 1247 1512 crediderint,
1269 1446 1303 1497 ut

351 1540 457 1606 doleat
472 1540 560 1627 quod
575 1561 686 1604 sanum
701 1552 760 1604 est.
807 1540 846 1603 In
863 1561 928 1603 uno
944 1551 1050 1603 tamen
1066 1538 1223 1624 piissimos
1238 1563 1302 1602 esse

350 1641 525 1722 miraberis,
541 1641 628 1727 quod
644 1639 790 1727 querelas
806 1640 941 1704 libenter
956 1639 1104 1717 audiunt,
1119 1640 1230 1705 fovent
1245 1640 1313 1703 hu-·

353 1740 1301 1826 miliorumcausas,eteousqnepatrocinanturafflictisdum

352 1842 541 1909 exhauriant
552 1841 675 1906 loculos
685 1841 873 1927 pleniorum.
908 1841 992 1905 Nam
1005 1864 1199 1929 quocunque
1211 1843 1303 1907 modo

351 1967 448 2009 causa
469 1943 631 2029 procedat,
655 1943 715 2006 hoc
738 1966 862 2030 semper
884 1943 993 2029 agitur
1016 1957 1052 2008 ut
1074 1944 1170 2008 loculi
1192 1944 1303 2031 imple-

353 2060 460 2124 antur,
483 2047 541 2111 etsi
562 2045 695 2110 avaritia
715 2059 854 2132 nequeat
876 2046 992 2110 satiari.
1039 2046 1191 2132 Quisquis
1212 2046 1244 2111 iu
1264 2047 1304 2112 is-

354 2162 458 2215 torum
481 2170 594 2212 manus
613 2147 772 2226 inciderit,
788 2149 813 2212 si
832 2148 990 2234 poenitens
1008 2148 1178 2225 invenitur,
1193 2149 1304 2234 opinor

354 2249 423 2314 haec
448 2262 607 2312 tormenta
628 2251 657 2312 ei
681 2248 822 2314 sufficere
848 2272 940 2336 posse
967 2250 1009 2314 ad
1035 2253 1169 2315 veniam.
1214 2250 1304 2314 Nihil

355 2350 438 2416 enim
462 2349 541 2414 adeo
566 2372 663 2434 grave
686 2364 745 2427 est,
768 2354 857 2436 quod
884 2352 936 2417 hic
960 2352 1084 2438 expiari
1109 2375 1171 2415 nou
1197 2356 1307 2439 possit.

356 2446 442 2525 Quid
466 2447 548 2513 enim
571 2449 717 2514 miserius
739 2464 797 2526 est,
821 2475 918 2537 qnam
945 2453 1090 2538 superbis
1112 2452 1249 2517 assidere
1269 2452 1305 2515 li-

356 2549 505 2628 minibus,
520 2552 851 2638 praeterg'redientium
875 2554 1010 2619 tolerare
1030 2555 1159 2633 fastum,
1183 2568 1215 2621 et
1236 2578 1307 2620 con-

356 2654 584 2741 temptibilium
613 2655 726 2720 calcari
752 2669 951 2742 contemptu,
977 2657 1119 2743 perferre
1148 2657 1304 2723 molestias

355 2776 574 2832 excussorum,
589 2769 621 2820 et
636 2756 677 2820 ab
697 2755 837 2842 indiguis
858 2756 982 2844 quaevis
997 2758 1130 2843 indigna
1143 2758 1303 2846 perferre?

360 2857 515 2933 Socrates,
539 2880 639 2942 quum
662 2881 735 2922 eum
759 2859 943 2924 Alcibiades
966 2860 1186 2946 interrogaret,
1208 2882 1306 2947 quare

358 2957 579 3044 Xanthippem
591 2982 722 3024 uxorem
734 2960 907 3026 admodum
916 2982 1070 3026 morosam
1079 2976 1111 3027 et
1117 2963 1305 3048 jurgiosam,

358 3072 389 3123 ct
405 3081 479 3144 quae
494 3057 552 3121 diu
572 3073 734 3145 noctuque
758 3061 969 3125 muliebribus
989 3062 1129 3126 scatebat
1150 3061 1308 3141 molestiis,

359 3160 455 3224 domo
478 3181 539 3223 non
562 3161 717 3246 abigeret,
732 3162 855 3248 inquit:
889 3165 996 3240 Quum
1019 3163 1114 3228 talem
1139 3163 1224 3228 domi
1239 3186 1308 3249 per·

359 3261 474 3346 petior,
498 3260 651 3339 insuesco,
674 3276 705 3327 et
732 3285 879 3327 exerceor
905 3276 943 3328 ut
968 3276 1155 3329 caeterorum
1182 3287 1308 3352 quoqne

360 3361 439 3425 foris
453 3361 674 3446 petulantiam,
691 3377 722 3428 et
743 3362 891 3450 injuriam
907 3364 1033 3429 facilius
1046 3364 1157 3431 feram.
1203 3364 1308 3429 Veteri

358 3460 537 3526 celebratur
554 3464 740 3548 proverbio:
779 3465 863 3541 Quia
882 3487 990 3529 vacuae
1010 3487 1125 3529 manus
1144 3467 1309 3530 temeraria

359 3563 471 3649 petitio
490 3577 550 3640 est,
566 3578 598 3629 et
621 3566 764 3651 profecto
785 3569 989 3653 importunus
1011 3580 1158 3653 precator
1177 3581 1236 3645 est,
1251 3567 1305 3654 qni

360 3665 481 3730 dandas
492 3690 542 3731 res
551 3667 591 3731 ad
605 3670 701 3734 verba
712 3669 854 3733 confidit.
893 3669 1075 3756 Utrobique
1087 3668 1181 3751 enim,
1193 3671 1306 3736 scilicet

360 3765 447 3848 apud
462 3767 596 3832 curiales
611 3782 642 3833 et
658 3769 806 3843 medicos,
824 3769 959 3846 obtinet,

467 3878 519 3932 Pro
531 3881 592 3933 solis
603 3883 698 3948 verbis,
710 3887 840 3938 montanis
851 3886 948 3938 utimur
958 3886 1056 3950 herbis,

468 3965 519 4017 Pro
531 3967 597 4018 caris
608 3967 696 4033 rebus,
707 3971 848 4040 pigmentis
861 3977 888 4024 et
900 3972 1044 4043 speciebus.

365 4072 454 4135 Inter
480 4068 558 4133 alios
584 4082 688 4134 tamen
716 4071 918 4158 benigniores
944 4088 1032 4154 sunt,
1059 4075 1114 4161 qui
1145 4074 1308 4139 minimum

362 4185 507 4258 possunt,
529 4171 601 4235 licet
627 4172 693 4236 fere
715 4196 823 4239 omnes
851 4177 941 4263 proni
969 4177 1031 4241 sint
1057 4177 1098 4240 ad
1125 4178 1311 4255 nocendum,

363 4273 447 4360 quod
468 4277 567 4340 cuivis
585 4276 679 4361 longe
700 4276 826 4342 facilius
846 4292 905 4358 est,
922 4303 1018 4364 quam
1039 4279 1200 4365 prodesse.
1247 4284 1310 4346 Ex-
