3309 5309
345 659 409 717 256
603 669 739 714 solutus
756 669 1036 714 saansaannsnsrs
1123 685 1127 692 ·
1157 653 1238 732 [mn.
1255 670 1298 715 [ν.

350 821 427 893 filio,
442 820 534 905 cujus
550 818 808 904 praevaricatione
823 823 964 905 populus
982 819 1079 883 lsrael
1094 842 1132 882 ea
1146 819 1198 881 die
1214 819 1299 882 visus

350 935 398 987 est
413 921 575 985 corruisse.
616 921 691 983 Heli
707 941 836 1007 qnoque
858 920 930 984 lieet
946 933 1073 984 sanctus
1097 919 1127 983 in
1152 943 1184 982 se
1207 918 1300 982 fuisse

352 1023 485 1108 legatur,
501 1022 578 1105 quia
592 1021 730 1086 filiorum
746 1021 887 1109 pepercit
904 1021 1000 1097 vitiis,
1011 1044 1121 1084 aversa
1136 1020 1212 1084 sella
1223 1020 1300 1083 frac-

353 1124 395 1187 tis
420 1123 597 1186 cervicibus
622 1144 781 1198 corruens,
808 1121 993 1208 exspiravit.
1038 1123 1088 1185 Ut
1114 1121 1154 1184 de
1179 1121 1301 1184 caeteris

354 1236 485 1302 taceam,
499 1235 655 1308 quantum
679 1245 789 1308 quaeso
812 1222 973 1310 publicam
993 1222 1159 1286 hominum
1179 1221 1302 1299 dilexit,

354 1332 386 1387 et
409 1323 559 1408 quoesivit
581 1322 726 1397 salntem,
748 1324 805 1408 qui
827 1322 957 1409 proprio
977 1323 1045 1386 filio
1067 1344 1128 1385 non
1152 1324 1302 1407 pepercit,

357 1423 409 1487 sed
438 1444 497 1507 pro
524 1421 615 1484 nobis
642 1422 773 1486 tradidit
799 1422 901 1499 illum,
928 1435 963 1486 ut
991 1444 1064 1506 quae
1091 1443 1304 1485 merueramus

357 1525 494 1597 vincula,
510 1520 645 1606 flagella,
660 1545 784 1585 crucem
805 1524 972 1587 sustineret
993 1522 1153 1601 immunis,
1168 1534 1201 1585 et
1220 1521 1305 1584 inno-

358 1645 431 1687 cens
466 1633 566 1685 morte
595 1620 777 1705 turpissima
811 1622 1040 1684 condemnatus
1074 1633 1131 1684 est.
1182 1623 1306 1703 Regum

360 1735 500 1789 scrutare
516 1720 690 1798 historiam,
702 1722 743 1785 ad
757 1722 817 1785 hoc
829 1722 967 1807 petitum
983 1745 1089 1805 regem
1105 1745 1124 1784 a
1141 1725 1212 1785 Deo
1228 1721 1308 1784 inve-

359 1824 436 1902 nies,
449 1834 485 1886 ut
497 1819 688 1906 praecederet
704 1820 813 1884 faciem
831 1820 953 1905 populi,
968 1834 999 1883 et
1015 1818 1217 1905 praeliaretur
1232 1816 1312 1882 bella

363 1946 483 1999 eorum,
512 1935 544 1984 et
570 1920 609 1983 ad
641 1920 879 1984 similitudinem
905 1920 1049 2005 gentium
1076 1921 1177 1984 totius
1204 1918 1310 2005 populi

363 2046 458 2090 onera
481 2022 660 2086 sustineret.
706 2023 768 2098 Qui
785 2034 889 2085 tamen
906 2043 968 2084 nou
990 2022 1095 2085 fuerat
1111 2022 1311 2095 necessarius,

365 2125 423 2190 nisi
440 2136 471 2188 et
490 2123 585 2186 lsrael
602 2122 827 2206 praevaricatus
842 2136 922 2186 esset
938 2122 969 2185 in
986 2121 1227 2187 similitudinem
1244 2145 1314 2205 gen-

368 2226 460 2299 tium,
477 2237 512 2286 ut
530 2221 600 2285 Deo
623 2243 696 2305 rege
719 2222 777 2286 sibi
793 2245 855 2285 non
877 2222 1038 2286 videretur
1057 2245 1124 2285 esse
1140 2235 1314 2287 contentus.

369 2327 405 2390 si
430 2322 512 2385 eninr
535 2321 694 2405 justitiam
721 2344 778 2406 per
804 2346 837 2386 ee
866 2309 1025 2399 coluisset,
1051 2324 1076 2385 si
1102 2323 1134 2385 in
1162 2324 1317 2387 mandatis

371 2421 501 2488 Domini
532 2419 667 2483 fideliter
692 2422 894 2499 ambulasset,
921 2446 980 2508 pro
1009 2423 1108 2486 nihilo
1139 2423 1318 2487 humiliaret

371 2529 461 2590 Deus
474 2522 581 2587 hostes
601 2542 721 2598 eorum,
737 2536 768 2588 et
791 2547 888 2609 super
907 2524 1095 2589 tribulantes
1113 2548 1167 2588 eos
1182 2524 1318 2589 mitteret

371 2646 499 2690 manum
512 2645 611 2697 suam,
625 2637 660 2687 ut
674 2623 767 2688 solito
779 2625 839 2688 Dei
852 2625 972 2689 auxilio
985 2648 1067 2688 unus
1077 2637 1320 2712 persequeretur

372 2725 468 2804 mille,
482 2738 514 2789 et
530 2724 595 2788 duo
606 2724 754 2808 fugarent
770 2726 877 2790 decem
895 2727 1003 2791 millia.
1034 2727 1205 2812 Hospitem
1218 2749 1319 2791 meum

372 2826 589 2890 Placentinum
617 2824 733 2889 dixisse
759 2826 873 2903 recolo,
899 2827 1004 2890 virum
1032 2829 1145 2912 utique
1171 2827 1321 2911 sanguine

375 2947 570 3008 generosum,
597 2925 764 2988 habentem
794 2925 995 3010 prudentiam
1027 2927 1139 2990 mundi
1164 2927 1263 3012 hujus
1291 2925 1319 2988 in

375 3025 488 3087 timore
504 3022 646 3097 Domini,
661 3022 719 3086 hoc
734 3025 765 3086 iu
779 3023 963 3088 civitatibus
980 3024 1081 3090 ltaliae
1092 3048 1151 3090 usu
1168 3023 1322 3109 frequenti

375 3123 612 3188 celeberrimum
630 3146 707 3200 esse,
723 3124 810 3208 quod
828 3123 906 3188 dum
922 3147 1030 3210 pacem
1047 3125 1197 3211 diligunt,
1212 3140 1244 3190 et
1259 3128 1324 3211 jus-

377 3227 479 3291 titiam
502 3226 621 3304 colunt,
635 3240 666 3288 et
690 3226 837 3311 perjuriis
859 3227 1030 3306 abstinent,
1052 3241 1149 3293 tantae
1173 3227 1325 3293 libertatis

379 3339 409 3390 et
430 3329 517 3410 pacis
538 3325 657 3409 gaudio
675 3327 895 3411 perfruuntur,
911 3327 998 3412 quod
1020 3328 1100 3392 nihil
1122 3342 1169 3394 est
1193 3329 1327 3407 omuino,

381 3424 467 3510 quod
484 3428 533 3487 vel
548 3425 579 3488 in
592 3426 722 3489 minimo
733 3428 872 3510 quietem
888 3451 996 3492 eorum
1013 3429 1183 3494 concutiat.
1222 3432 1327 3506 Quum

354 3610 359 3620 ¹
380 3545 455 3586 vero
470 3525 681 3608 prolabuntur
696 3527 736 3590 ad
759 3528 900 3605 fraudes,
915 3542 947 3594 et
970 3552 1027 3616 per
1042 3530 1144 3594 varias
1166 3529 1328 3614 injustitiae

381 3623 517 3703 semitas,
531 3624 719 3689 scinduntur
742 3627 773 3690 in
795 3642 892 3692 semet
912 3629 997 3715 ipsis,
1014 3631 1119 3694 statim
1142 3635 1193 3694 vel
1212 3631 1329 3694 fastum

382 3727 572 3805 Romanum,
584 3727 631 3789 vel
644 3728 782 3792 furorem
798 3731 1024 3806 Teutonicum,
1033 3730 1162 3794 aliudve
1171 3731 1329 3816 flagellum

384 3821 505 3886 inducit
523 3826 679 3888 Dominus
695 3851 790 3912 super
812 3853 877 3907 eos,
893 3844 924 3894 et
947 3844 1111 3916 permanet
1131 3853 1247 3894 manus
1267 3831 1331 3916 ejus

383 3936 523 4000 extenta,
550 3925 650 3991 donec
676 3930 735 4013 ipsi
766 3932 806 3994 ab
832 3931 999 4018 iniquitate
1028 3956 1084 4019 per
1114 3933 1329 4018 poenitentiam

383 4033 590 4087 revertantur.
625 4025 701 4100 Quo
713 4033 778 4092 solo
790 4031 928 4094 remedio
939 4031 1025 4117 apud
1036 4032 1108 4095 illos
1120 4033 1226 4097 omnis
1237 4043 1331 4096 cessat

384 4136 564 4209 tempestas.
618 4126 799 4210 Adjiciebat
830 4131 923 4196 etiam
961 4133 1047 4217 quod
1080 4133 1194 4197 merita
1224 4129 1329 4217 populi

384 4247 507 4287 omnem
531 4238 685 4288 evacuant
708 4227 934 4314 principatum,
949 4243 1005 4293 aut
1028 4252 1099 4293 eum
1124 4230 1247 4293 faciunt
1270 4249 1331 4291 esse
