3309 5309
496 667 556 725 114
742 677 878 722 somnus
894 675 1174 720 saansannrnnsrs
1310 655 1395 735 [un.
1411 677 1447 721 11.

495 843 584 895 tanta
604 852 670 893 suae
694 827 877 894 stabilitatis
899 825 1119 891 incolumitate
1143 825 1228 910 viget
1249 837 1282 890 et
1300 826 1393 902 vivit,
1409 839 1446 889 ut

498 931 586 997 nullo
608 954 714 995 rerum
730 942 818 994 motu
834 929 972 1005 concuti,
988 927 1076 991 nulla
1098 927 1198 1013 possit
1213 928 1377 1013 temporis,
1391 940 1447 992 aut

498 1057 587 1099 casus
602 1031 815 1097 mutabilitate
831 1029 975 1093 convelli.

500 1317 577 1401 Cap.
594 1323 647 1380 22.
674 1316 766 1391 Quod
780 1336 819 1378 en
837 1315 982 1397 possibili
996 1335 1061 1376 non
1075 1320 1232 1395 sequntur
1246 1316 1447 1397 impossibile,

541 1427 572 1482 et
592 1419 669 1500 quid
685 1439 725 1482 en
739 1438 801 1499 quo
815 1418 993 1480 necessario
1011 1423 1225 1496 consequatur
1245 1420 1336 1481 novit
1351 1419 1449 1482 Altis·

543 1523 654 1597 dinus,
668 1522 726 1601 qui
739 1521 845 1582 omnia
860 1519 946 1580 solus
960 1524 1072 1598 potest.

542 1658 661 1718 Iustus
672 1665 776 1718 tamen
789 1651 908 1727 dicens,
919 1649 977 1712 nisi
988 1649 1127 1714 evenerit
1136 1648 1259 1736 aliquid
1269 1652 1358 1737 quod
1370 1674 1449 1738 prae·

498 1755 589 1833 vidit,
599 1755 678 1822 illud
694 1767 780 1817 certa
796 1752 1024 1838 significatione
1039 1751 1262 1837 complectens,
1273 1753 1357 1818 sorte
1371 1755 1449 1840 lapi-

498 1856 570 1919 dem
593 1877 773 1918 recasurum
797 1854 828 1916 in
853 1868 979 1929 terram,
994 1852 1119 1917 fallitur
1140 1853 1318 1939 dispositio.
1364 1853 1449 1927 Quia

498 1981 574 2041 ergo
590 1957 670 2042 lapis
694 1979 755 2020 non
779 1957 918 2020 recidere
941 1967 1058 2041 potest,
1077 1957 1172 2041 jubes
1186 1979 1236 2018 me
1259 1956 1301 2020 de
1324 1956 1449 2022 duobus

499 2061 623 2144 eligere,
639 2080 775 2143 quornm
793 2073 942 2121 neutrum
959 2058 1169 2123 communiter
1186 2058 1397 2144 approbatur,
1413 2072 1448 2124 ut

499 2164 549 2226 vel
562 2162 664 2226 fatear
679 2161 909 2246 providentiam
925 2185 1016 2247 posse
1031 2162 1110 2238 falli,
1126 2162 1214 2248 quod
1230 2161 1311 2226 fides
1332 2162 1447 2227 abhor-

498 2276 557 2340 ret,
577 2263 636 2343 vel‚
658 2262 746 2348 quod
769 2263 922 2326 absonum
946 2276 1005 2341 est,
1028 2287 1068 2328 ex
1090 2263 1233 2350 possibili
1254 2263 1448 2350 impossibile

498 2362 718 2430 consecutione
747 2386 821 2427 vera
856 2365 1048 2429 consentiam
1083 2369 1218 2431 evenire.
1277 2367 1448 2450 Angustiae

497 2467 626 2554 quidem
650 2478 725 2530 sunt
750 2465 903 2552 undique.
958 2467 1054 2546 Hinc,
1077 2491 1116 2531 ne
1141 2468 1280 2531 divinam
1308 2472 1448 2534 minuam

495 2571 712 2656 majestatem3
743 2570 828 2646 inde,
852 2592 891 2632 ne
913 2574 1086 2634 multorum
1110 2569 1302 2635 clamoribus
1323 2584 1356 2637 et
1383 2595 1449 2637 sen-

498 2673 618 2749 tentiae,
642 2696 714 2759 quae
731 2673 798 2758 jam
822 2672 889 2735 fere
911 2671 1056 2736 omnibus
1078 2694 1227 2757 persuasa
1248 2688 1311 2751 est,
1327 2686 1448 2739 contra·

497 2776 609 2840 dicam.
651 2775 712 2838 Sed
729 2774 805 2859 quia
820 2774 933 2838 melius
944 2786 991 2839 est
1006 2774 1144 2838 incidere
1159 2773 1190 2837 in
1207 2774 1334 2860 linguas
1348 2776 1448 2840 homi·

496 2902 585 2959 num,
611 2901 707 2965 quam
737 2877 835 2962 impie
861 2880 978 2941 versari
1007 2878 1040 2940 in
1072 2881 1189 2953 Deum,
1216 2878 1243 2941 si
1273 2891 1447 2964 utrumque

498 2982 599 3045 vitare
620 3002 683 3042 non
706 3001 849 3065 possum,
865 2979 1003 3042 absonus
1024 2977 1108 3041 malo
1130 2976 1241 3058 videri,
1256 3001 1354 3065 quam
1376 3002 1447 3066 per·

496 3083 590 3148 lidus.
629 3081 782 3145 Nondum
798 3083 914 3144 etenim
926 3079 1075 3144 omnibus
1088 3102 1275 3165 persuasum
1287 3093 1347 3158 est,
1360 3079 1446 3167 quod

496 3208 536 3248 ex
551 3182 692 3270 possibili
709 3181 902 3267 impossibile
917 3203 979 3244 non
995 3192 1156 3266 sequatur.
1196 3185 1280 3246 Nam
1297 3181 1357 3246 hoc
1371 3203 1448 3246 non-

495 3284 575 3348 nnlli
590 3283 746 3368 recipiunt
758 3307 767 3354 3
792 3281 846 3345 sed
862 3304 901 3344 an
917 3293 1012 3360 recte,
1024 3280 1163 3345 viderint
1175 3281 1234 3367 ipsi
1246 3294 1279 3346 et
1289 3281 1446 3366 judicent.
1463 3284 1466 3290 ’

496 3389 538 3448 At
556 3399 592 3446 nt
608 3406 647 3446 ex
663 3406 738 3446 vero
761 3383 878 3446 falsum
901 3395 1064 3467 sequatur,
1081 3405 1174 3445 nemo
1197 3385 1322 3468 sapiens
1343 3387 1448 3470 acqui-

497 3483 583 3547 escit.
629 3484 744 3547 Verum
762 3484 919 3569 siquidem
935 3508 974 3547 ex
991 3484 1071 3547 falso
1087 3485 1232 3571 sequitur
1246 3497 1279 3549 et
1295 3508 1381 3563 vero,
1394 3485 1447 3550 sed

498 3606 538 3648 ex
562 3606 648 3661 vero,
673 3607 734 3647 non
762 3585 821 3648 nisi
847 3608 967 3650 verum.
1014 3589 1066 3649 Ex
1089 3586 1232 3671 possibili
1260 3608 1391 3674 quoque
1416 3600 1447 3652 et

496 3685 693 3772 impossibili,
708 3685 868 3750 interdum
894 3687 1042 3772 possibile
1057 3690 1223 3773 sequitur;
1254 3711 1318 3751 non
1343 3701 1447 3754 tamen

498 3809 538 3848 ex
554 3786 668 3871 quovis
682 3787 871 3872 impossibili
886 3788 992 3850 omnia
1010 3786 1225 3872 impossibilia.
1272 3789 1343 3853 Nisi
1364 3791 1448 3855 ·t'nrte

496 3884 581 3949 aliud
599 3884 657 3947 tibi
672 3888 883 3969 persuaserint
895 3886 952 3965 illi,
963 3910 1101 3972 quorum
1118 3891 1144 3951 si
1155 3887 1261 3952 omnia
1272 3912 1348 3954 vera
1363 3903 1447 3966 sunt,

496 4009 533 4050 ex
551 4008 617 4048 uno
640 3986 836 4070 impossibili,
852 4004 1032 4073 sequuntur
1055 3989 1161 4053 omnia
1183 3991 1403 4076 impossibilia,
1417 4004 1447 4057 et

495 4113 534 4154 ex
559 4087 673 4174 quovis
696 4086 786 4162 falso,
804 4086 955 4172 quaelibet
979 4090 1068 4156 falsa.
1114 4095 1149 4157 Si
1164 4113 1238 4156 vero
1256 4094 1448 4160 obtinuisses

495 4215 535 4255 ex
550 4213 624 4253 vero
638 4186 766 4262 falsum,
778 4189 853 4273 jure
864 4208 896 4251 et
912 4212 950 4253 ex
967 4195 1122 4275 sententia
1133 4195 1288 4270 omnium,
1301 4215 1448 4280 quererer

493 4316 543 4358 me
569 4315 586 4355 a
617 4290 727 4360 semita
753 4289 894 4354 veritatis
924 4292 1110 4357 abductum.
1164 4297 1237 4359 Non
1264 4307 1371 4360 tamen
1402 4295 1447 4359 his
