<?xml version="1.0" encoding="UTF-8"?>
<!DOCTYPE html PUBLIC "-//W3C//DTD XHTML 1.0 Transitional//EN"
    "http://www.w3.org/TR/xhtml1/DTD/xhtml1-transitional.dtd">
<html xmlns="http://www.w3.org/1999/xhtml" xml:lang="en" lang="en">
 <head>
  <title>
</title>
<meta http-equiv="Content-Type" content="text/html;charset=utf-8" />
  <meta name='ocr-system' content='tesseract 3.04.00' />
  <meta name='ocr-capabilities' content='ocr_page ocr_carea ocr_par ocr_line ocrx_word'/>
</head>
<body>
  <div class='ocr_page' id='page_1' title='image "./joannissaresber04johngoog_0252.png"; bbox 0 0 3309 5309; ppageno 0'>
   <div class='ocr_carea' id='block_1_1' title="bbox 345 648 1297 722">
    <p class='ocr_par' dir='ltr' id='par_1_1' title="bbox 345 648 1297 722">
     <span class='ocr_line' id='line_1_1' title="bbox 345 648 1297 722; baseline -0.001 -14"><span class='ocrx_word' id='word_1_1' title='bbox 345 650 408 708; x_wconf 72' lang='lat'>236</span> <span class='ocrx_word' id='word_1_2' title='bbox 603 663 739 708; x_wconf 72' lang='lat' dir='ltr'>soranis</span> <span class='ocrx_word' id='word_1_3' title='bbox 755 663 1036 708; x_wconf 74' lang='lat' dir='ltr'>sasasssnrsnsrs</span> <span class='ocrx_word' id='word_1_4' title='bbox 1156 648 1240 722; x_wconf 76' lang='lat' dir='ltr'>[nm.</span> <span class='ocrx_word' id='word_1_5' title='bbox 1257 665 1297 709; x_wconf 88' lang='lat' dir='ltr'>1v.</span> 
     </span>
    </p>
   </div>
   <div class='ocr_carea' id='block_1_2' title="bbox 314 813 1301 1916">
    <p class='ocr_par' dir='ltr' id='par_1_2' title="bbox 314 813 1301 1916">
     <span class='ocr_line' id='line_1_2' title="bbox 346 813 1300 879; baseline 0.004 -6"><span class='ocrx_word' id='word_1_6' title='bbox 346 813 492 876; x_wconf 90' lang='lat' dir='ltr'>videmur</span> <span class='ocrx_word' id='word_1_7' title='bbox 519 813 704 876; x_wconf 88' lang='lat' dir='ltr'>abscedere:</span> <span class='ocrx_word' id='word_1_8' title='bbox 738 814 809 877; x_wconf 92' lang='lat' dir='ltr'>licet</span> <span class='ocrx_word' id='word_1_9' title='bbox 838 815 928 879; x_wconf 90' lang='lat' dir='ltr'>nobis</span> <span class='ocrx_word' id='word_1_10' title='bbox 950 828 982 878; x_wconf 92' lang='lat' dir='ltr'>et</span> <span class='ocrx_word' id='word_1_11' title='bbox 1004 815 1067 879; x_wconf 90' lang='lat' dir='ltr'>illis</span> <span class='ocrx_word' id='word_1_12' title='bbox 1089 815 1200 879; x_wconf 90' lang='lat' dir='ltr'>eadem</span> <span class='ocrx_word' id='word_1_13' title='bbox 1224 814 1300 877; x_wconf 87' lang='lat' dir='ltr'>fides</span> 
     </span>
     <span class='ocr_line' id='line_1_3' title="bbox 347 913 1300 1001; baseline 0.003 -26"><span class='ocrx_word' id='word_1_14' title='bbox 347 916 399 988; x_wconf 91' lang='lat' dir='ltr'>sit,</span> <span class='ocrx_word' id='word_1_15' title='bbox 415 914 461 975; x_wconf 89' lang='lat' dir='ltr'>ita</span> <span class='ocrx_word' id='word_1_16' title='bbox 476 927 591 991; x_wconf 90' lang='lat' dir='ltr'>tamen,</span> <span class='ocrx_word' id='word_1_17' title='bbox 609 927 644 977; x_wconf 91' lang='lat' dir='ltr'>ut</span> <span class='ocrx_word' id='word_1_18' title='bbox 663 913 751 999; x_wconf 93' lang='lat' dir='ltr'>quod</span> <span class='ocrx_word' id='word_1_19' title='bbox 767 915 812 977; x_wconf 86' lang='lat' dir='ltr'>illi</span> <span class='ocrx_word' id='word_1_20' title='bbox 829 915 975 980; x_wconf 88' lang='lat' dir='ltr'>futurum</span> <span class='ocrx_word' id='word_1_21' title='bbox 992 916 1232 1001; x_wconf 83' lang='lat' dir='ltr'>exspectabant,</span> <span class='ocrx_word' id='word_1_22' title='bbox 1247 938 1300 978; x_wconf 92' lang='lat' dir='ltr'>nos</span> 
     </span>
     <span class='ocr_line' id='line_1_4' title="bbox 348 1014 1299 1103; baseline 0.004 -27"><span class='ocrx_word' id='word_1_23' title='bbox 348 1038 387 1077; x_wconf 88' lang='lat' dir='ltr'>ex</span> <span class='ocrx_word' id='word_1_24' title='bbox 404 1028 495 1101; x_wconf 88' lang='lat' dir='ltr'>parte</span> <span class='ocrx_word' id='word_1_25' title='bbox 511 1038 625 1098; x_wconf 82' lang='lat' dir='ltr'>magna</span> <span class='ocrx_word' id='word_1_26' title='bbox 646 1014 843 1100; x_wconf 84' lang='lat' dir='ltr'><strong>gaudeamus</strong></span> <span class='ocrx_word' id='word_1_27' title='bbox 865 1029 897 1080; x_wconf 90' lang='lat' dir='ltr'>et</span> <span class='ocrx_word' id='word_1_28' title='bbox 914 1040 1099 1082; x_wconf 82' lang='lat' dir='ltr'>veneremur</span> <span class='ocrx_word' id='word_1_29' title='bbox 1122 1017 1299 1103; x_wconf 90' lang='lat' dir='ltr'>impletum,</span> 
     </span>
     <span class='ocr_line' id='line_1_5' title="bbox 314 1116 1300 1208; baseline 0.002 -29"><span class='ocrx_word' id='word_1_30' title='bbox 314 1195 319 1208; x_wconf 34' lang='grc' dir='ltr'><strong><em>ι</em></strong></span> <span class='ocrx_word' id='word_1_31' title='bbox 347 1116 479 1202; x_wconf 88' lang='lat' dir='ltr'>abjectis</span> <span class='ocrx_word' id='word_1_32' title='bbox 493 1130 616 1182; x_wconf 85' lang='lat' dir='ltr'>tantum</span> <span class='ocrx_word' id='word_1_33' title='bbox 638 1118 760 1182; x_wconf 92' lang='lat' dir='ltr'>umbris</span> <span class='ocrx_word' id='word_1_34' title='bbox 782 1117 955 1203; x_wconf 85' lang='lat' dir='ltr'>figurarum</span> <span class='ocrx_word' id='word_1_35' title='bbox 979 1142 1019 1183; x_wconf 83' lang='lat' dir='ltr'>ex</span> <span class='ocrx_word' id='word_1_36' title='bbox 1042 1142 1107 1204; x_wconf 92' lang='lat' dir='ltr'>quo</span> <span class='ocrx_word' id='word_1_37' title='bbox 1126 1121 1240 1182; x_wconf 85' lang='lat' dir='ltr'>veritas</span> <span class='ocrx_word' id='word_1_38' title='bbox 1262 1119 1300 1182; x_wconf 90' lang='lat' dir='ltr'>de</span> 
     </span>
     <span class='ocr_line' id='line_1_6' title="bbox 348 1221 1301 1305; baseline 0.001 -22"><span class='ocrx_word' id='word_1_39' title='bbox 348 1233 432 1283; x_wconf 89' lang='lat' dir='ltr'>terra</span> <span class='ocrx_word' id='word_1_40' title='bbox 446 1233 516 1283; x_wconf 92' lang='lat' dir='ltr'>orta</span> <span class='ocrx_word' id='word_1_41' title='bbox 531 1235 589 1291; x_wconf 87' lang='lat' dir='ltr'>est,</span> <span class='ocrx_word' id='word_1_42' title='bbox 607 1224 684 1283; x_wconf 87' lang='lat' dir='ltr'>etin</span> <span class='ocrx_word' id='word_1_43' title='bbox 701 1233 871 1305; x_wconf 90' lang='lat' dir='ltr'>conspectu</span> <span class='ocrx_word' id='word_1_44' title='bbox 888 1221 1032 1302; x_wconf 84' lang='lat' dir='ltr'>gentium</span> <span class='ocrx_word' id='word_1_45' title='bbox 1050 1221 1200 1285; x_wconf 86' lang='lat' dir='ltr'>revelata.</span> <span class='ocrx_word' id='word_1_46' title='bbox 1242 1225 1301 1301; x_wconf 91' lang='lat' dir='ltr'>Ne,</span> 
     </span>
     <span class='ocr_line' id='line_1_7' title="bbox 347 1322 1301 1409; baseline 0.001 -25"><span class='ocrx_word' id='word_1_47' title='bbox 347 1323 489 1408; x_wconf 90' lang='lat' dir='ltr'>inquam,</span> <span class='ocrx_word' id='word_1_48' title='bbox 500 1322 626 1385; x_wconf 91' lang='lat' dir='ltr'>illorum</span> <span class='ocrx_word' id='word_1_49' title='bbox 646 1322 735 1405; x_wconf 86' lang='lat' dir='ltr'>quasi</span> <span class='ocrx_word' id='word_1_50' title='bbox 752 1322 864 1400; x_wconf 90' lang='lat' dir='ltr'>aliena,</span> <span class='ocrx_word' id='word_1_51' title='bbox 880 1335 936 1387; x_wconf 87' lang='lat' dir='ltr'>aut</span> <span class='ocrx_word' id='word_1_52' title='bbox 953 1324 1086 1409; x_wconf 86' lang='lat' dir='ltr'>profana</span> <span class='ocrx_word' id='word_1_53' title='bbox 1100 1337 1301 1386; x_wconf 90' lang='lat' dir='ltr'>contemnan-</span> 
     </span>
     <span class='ocr_line' id='line_1_8' title="bbox 349 1423 1301 1511; baseline -0.002 -23"><span class='ocrx_word' id='word_1_54' title='bbox 349 1437 403 1489; x_wconf 87' lang='lat' dir='ltr'>tur</span> <span class='ocrx_word' id='word_1_55' title='bbox 418 1423 574 1511; x_wconf 85' lang='lat' dir='ltr'>exempla‚</span> <span class='ocrx_word' id='word_1_56' title='bbox 591 1424 819 1489; x_wconf 83' lang='lat' dir='ltr'>Constantinus</span> <span class='ocrx_word' id='word_1_57' title='bbox 835 1436 952 1504; x_wconf 90' lang='lat' dir='ltr'>noster,</span> <span class='ocrx_word' id='word_1_58' title='bbox 969 1424 1183 1500; x_wconf 90' lang='lat' dir='ltr'>Theodosius,</span> <span class='ocrx_word' id='word_1_59' title='bbox 1200 1426 1223 1486; x_wconf 89' lang='lat' dir='ltr'>J</span> <span class='ocrx_word' id='word_1_60' title='bbox 1227 1425 1301 1487; x_wconf 91' lang='lat' dir='ltr'>usti-</span> 
     </span>
     <span class='ocr_line' id='line_1_9' title="bbox 348 1523 1300 1611; baseline -0.001 -24"><span class='ocrx_word' id='word_1_61' title='bbox 348 1527 472 1602; x_wconf 89' lang='lat' dir='ltr'>niauus,</span> <span class='ocrx_word' id='word_1_62' title='bbox 488 1537 520 1588; x_wconf 90' lang='lat' dir='ltr'>et</span> <span class='ocrx_word' id='word_1_63' title='bbox 536 1524 615 1602; x_wconf 92' lang='lat' dir='ltr'>Leo,</span> <span class='ocrx_word' id='word_1_64' title='bbox 630 1537 662 1588; x_wconf 90' lang='lat' dir='ltr'>et</span> <span class='ocrx_word' id='word_1_65' title='bbox 677 1523 730 1587; x_wconf 92' lang='lat' dir='ltr'>alii</span> <span class='ocrx_word' id='word_1_66' title='bbox 748 1525 1007 1588; x_wconf 88' lang='lat' dir='ltr'>Christianissimi</span> <span class='ocrx_word' id='word_1_67' title='bbox 1032 1525 1202 1611; x_wconf 82' lang='lat' dir='ltr'>principes,</span> <span class='ocrx_word' id='word_1_68' title='bbox 1219 1525 1300 1611; x_wconf 90' lang='lat' dir='ltr'>prin-</span> 
     </span>
     <span class='ocr_line' id='line_1_10' title="bbox 347 1627 1300 1711; baseline -0.002 -21"><span class='ocrx_word' id='word_1_69' title='bbox 347 1627 448 1711; x_wconf 90' lang='lat' dir='ltr'>cipem</span> <span class='ocrx_word' id='word_1_70' title='bbox 465 1640 597 1711; x_wconf 88' lang='lat' dir='ltr'>possunt</span> <span class='ocrx_word' id='word_1_71' title='bbox 612 1627 769 1691; x_wconf 88' lang='lat' dir='ltr'>instruere</span> <span class='ocrx_word' id='word_1_72' title='bbox 786 1627 1016 1692; x_wconf 85' lang='lat' dir='ltr'>Christianum.</span> <span class='ocrx_word' id='word_1_73' title='bbox 1056 1631 1093 1691; x_wconf 92' lang='lat' dir='ltr'>ln</span> <span class='ocrx_word' id='word_1_74' title='bbox 1110 1650 1148 1689; x_wconf 92' lang='lat' dir='ltr'>eo</span> <span class='ocrx_word' id='word_1_75' title='bbox 1163 1649 1300 1711; x_wconf 88' lang='lat' dir='ltr'>namque</span> 
     </span>
     <span class='ocr_line' id='line_1_11' title="bbox 347 1727 1299 1814; baseline 0.001 -24"><span class='ocrx_word' id='word_1_76' title='bbox 347 1728 539 1814; x_wconf 83' lang='lat' dir='ltr'>praecipuam</span> <span class='ocrx_word' id='word_1_77' title='bbox 567 1751 695 1813; x_wconf 90' lang='lat' dir='ltr'>operam</span> <span class='ocrx_word' id='word_1_78' title='bbox 728 1728 859 1804; x_wconf 92' lang='lat' dir='ltr'>dabant,</span> <span class='ocrx_word' id='word_1_79' title='bbox 888 1741 922 1792; x_wconf 93' lang='lat' dir='ltr'>ut</span> <span class='ocrx_word' id='word_1_80' title='bbox 954 1727 1175 1793; x_wconf 65' lang='lat' dir='ltr'>sacratissimae</span> <span class='ocrx_word' id='word_1_81' title='bbox 1205 1727 1299 1812; x_wconf 90' lang='lat' dir='ltr'>leges,</span> 
     </span>
     <span class='ocr_line' id='line_1_12' title="bbox 347 1829 1299 1916; baseline -0.003 -22"><span class='ocrx_word' id='word_1_82' title='bbox 347 1854 421 1916; x_wconf 84' lang='lat' dir='ltr'>quae</span> <span class='ocrx_word' id='word_1_83' title='bbox 447 1829 669 1914; x_wconf 86' lang='lat' dir='ltr'>constringunt</span> <span class='ocrx_word' id='word_1_84' title='bbox 692 1830 834 1892; x_wconf 92' lang='lat' dir='ltr'>omnium</span> <span class='ocrx_word' id='word_1_85' title='bbox 859 1829 951 1911; x_wconf 85' lang='lat' dir='ltr'>vitas,</span> <span class='ocrx_word' id='word_1_86' title='bbox 973 1834 1129 1894; x_wconf 81' lang='lat' dir='ltr'>scirentur</span> <span class='ocrx_word' id='word_1_87' title='bbox 1155 1842 1188 1892; x_wconf 90' lang='lat' dir='ltr'>et</span> <span class='ocrx_word' id='word_1_88' title='bbox 1215 1842 1299 1892; x_wconf 93' lang='lat' dir='ltr'>tene-</span> 
     </span>
    </p>
   </div>
   <div class='ocr_carea' id='block_1_3' title="bbox 347 1925 1388 2011">
    <p class='ocr_par' dir='ltr' id='par_1_3' title="bbox 347 1925 1388 2011">
     <span class='ocr_line' id='line_1_13' title="bbox 347 1925 1388 2011; baseline -0.004 -18"><span class='ocrx_word' id='word_1_89' title='bbox 347 1943 457 1995; x_wconf 81' lang='lat' dir='ltr'>rentur</span> <span class='ocrx_word' id='word_1_90' title='bbox 491 1929 532 1992; x_wconf 91' lang='lat' dir='ltr'>ab</span> <span class='ocrx_word' id='word_1_91' title='bbox 569 1927 726 2004; x_wconf 89' lang='lat' dir='ltr'>omnibus,</span> <span class='ocrx_word' id='word_1_92' title='bbox 757 1950 814 1990; x_wconf 94' lang='lat' dir='ltr'>nec</span> <span class='ocrx_word' id='word_1_93' title='bbox 849 1925 974 1990; x_wconf 88' lang='lat' dir='ltr'>illarum</span> <span class='ocrx_word' id='word_1_94' title='bbox 1012 1941 1092 1990; x_wconf 89' lang='lat' dir='ltr'>esset</span> <span class='ocrx_word' id='word_1_95' title='bbox 1128 1927 1299 2011; x_wconf 89' lang='lat' dir='ltr'>quisquam</span> <span class='ocrx_word' id='word_1_96' title='bbox 1385 1951 1388 1956; x_wconf 92' lang='lat'>·</span> 
     </span>
    </p>
   </div>
   <div class='ocr_carea' id='block_1_4' title="bbox 345 2028 1301 4345">
    <p class='ocr_par' dir='ltr' id='par_1_4' title="bbox 345 2028 1301 4345">
     <span class='ocr_line' id='line_1_14' title="bbox 346 2028 1297 2114; baseline -0.001 -22"><span class='ocrx_word' id='word_1_97' title='bbox 346 2031 488 2114; x_wconf 87' lang='lat' dir='ltr'>ignarus,</span> <span class='ocrx_word' id='word_1_98' title='bbox 503 2029 561 2092; x_wconf 91' lang='lat' dir='ltr'>nisi</span> <span class='ocrx_word' id='word_1_99' title='bbox 578 2041 633 2093; x_wconf 89' lang='lat' dir='ltr'>aut</span> <span class='ocrx_word' id='word_1_100' title='bbox 656 2028 784 2114; x_wconf 89' lang='lat' dir='ltr'>publica</span> <span class='ocrx_word' id='word_1_101' title='bbox 804 2028 943 2092; x_wconf 90' lang='lat' dir='ltr'>utilitate</span> <span class='ocrx_word' id='word_1_102' title='bbox 958 2030 1073 2092; x_wconf 90' lang='lat' dir='ltr'>erroris</span> <span class='ocrx_word' id='word_1_103' title='bbox 1095 2028 1297 2114; x_wconf 89' lang='lat' dir='ltr'>dispendium</span> 
     </span>
     <span class='ocr_line' id='line_1_15' title="bbox 347 2129 1297 2216; baseline -0.002 -22"><span class='ocrx_word' id='word_1_104' title='bbox 347 2143 575 2216; x_wconf 87' lang='lat' dir='ltr'>compensaret,</span> <span class='ocrx_word' id='word_1_105' title='bbox 590 2142 646 2193; x_wconf 88' lang='lat' dir='ltr'>aut</span> <span class='ocrx_word' id='word_1_106' title='bbox 668 2129 868 2194; x_wconf 88' lang='lat' dir='ltr'>miseratione</span> <span class='ocrx_word' id='word_1_107' title='bbox 884 2131 999 2206; x_wconf 87' lang='lat' dir='ltr'>aetatis,</span> <span class='ocrx_word' id='word_1_108' title='bbox 1015 2145 1070 2194; x_wconf 91' lang='lat' dir='ltr'>aut</span> <span class='ocrx_word' id='word_1_109' title='bbox 1093 2153 1190 2194; x_wconf 87' lang='lat' dir='ltr'>sexus</span> <span class='ocrx_word' id='word_1_110' title='bbox 1213 2131 1297 2193; x_wconf 87' lang='lat' dir='ltr'>infir·</span> 
     </span>
     <span class='ocr_line' id='line_1_16' title="bbox 347 2231 1297 2314; baseline -0.001 -19"><span class='ocrx_word' id='word_1_111' title='bbox 347 2234 456 2295; x_wconf 88' lang='lat' dir='ltr'>mitate</span> <span class='ocrx_word' id='word_1_112' title='bbox 477 2232 627 2314; x_wconf 81' lang='lat' dir='ltr'>legitimae</span> <span class='ocrx_word' id='word_1_113' title='bbox 652 2231 834 2294; x_wconf 88' lang='lat' dir='ltr'>acerbitatis</span> <span class='ocrx_word' id='word_1_114' title='bbox 857 2235 955 2297; x_wconf 87' lang='lat' dir='ltr'>evitet</span> <span class='ocrx_word' id='word_1_115' title='bbox 982 2237 1114 2295; x_wconf 90' lang='lat' dir='ltr'>aculeos.</span> <span class='ocrx_word' id='word_1_116' title='bbox 1166 2231 1297 2295; x_wconf 92' lang='lat' dir='ltr'>Illorum</span> 
     </span>
     <span class='ocr_line' id='line_1_17' title="bbox 347 2331 1298 2418; baseline 0.002 -23"><span class='ocrx_word' id='word_1_117' title='bbox 347 2334 449 2418; x_wconf 90' lang='lat' dir='ltr'>itique</span> <span class='ocrx_word' id='word_1_118' title='bbox 464 2344 563 2416; x_wconf 86' lang='lat' dir='ltr'>gesta,</span> <span class='ocrx_word' id='word_1_119' title='bbox 581 2331 737 2394; x_wconf 89' lang='lat' dir='ltr'>virtutum</span> <span class='ocrx_word' id='word_1_120' title='bbox 755 2332 960 2397; x_wconf 87' lang='lat' dir='ltr'>incitamenta</span> <span class='ocrx_word' id='word_1_121' title='bbox 975 2347 1067 2396; x_wconf 86' lang='lat' dir='ltr'>sunt:</span> <span class='ocrx_word' id='word_1_122' title='bbox 1099 2333 1198 2396; x_wconf 91' lang='lat' dir='ltr'>verba</span> <span class='ocrx_word' id='word_1_123' title='bbox 1221 2346 1298 2418; x_wconf 88' lang='lat' dir='ltr'>quot</span> 
     </span>
     <span class='ocr_line' id='line_1_18' title="bbox 348 2430 1296 2518; baseline -0.002 -20"><span class='ocrx_word' id='word_1_124' title='bbox 348 2447 434 2510; x_wconf 90' lang='lat' dir='ltr'>sunt,</span> <span class='ocrx_word' id='word_1_125' title='bbox 451 2444 498 2496; x_wconf 88' lang='lat' dir='ltr'>tot</span> <span class='ocrx_word' id='word_1_126' title='bbox 513 2430 727 2495; x_wconf 85' lang='lat' dir='ltr'>institutiones</span> <span class='ocrx_word' id='word_1_127' title='bbox 745 2455 878 2498; x_wconf 85' lang='lat' dir='ltr'>morum.</span> <span class='ocrx_word' id='word_1_128' title='bbox 921 2435 1068 2518; x_wconf 91' lang='lat' dir='ltr'>Denique</span> <span class='ocrx_word' id='word_1_129' title='bbox 1085 2435 1194 2509; x_wconf 90' lang='lat' dir='ltr'>vitam,</span> <span class='ocrx_word' id='word_1_130' title='bbox 1210 2435 1296 2498; x_wconf 84' lang='lat' dir='ltr'>vitiis</span> 
     </span>
     <span class='ocr_line' id='line_1_19' title="bbox 346 2534 1296 2622; baseline -0.002 -23"><span class='ocrx_word' id='word_1_131' title='bbox 346 2534 526 2620; x_wconf 84' lang='lat' dir='ltr'>subjugatis</span> <span class='ocrx_word' id='word_1_132' title='bbox 551 2547 582 2597; x_wconf 91' lang='lat' dir='ltr'>et</span> <span class='ocrx_word' id='word_1_133' title='bbox 609 2534 789 2619; x_wconf 88' lang='lat' dir='ltr'>captivatis,</span> <span class='ocrx_word' id='word_1_134' title='bbox 815 2537 908 2621; x_wconf 88' lang='lat' dir='ltr'>quasi</span> <span class='ocrx_word' id='word_1_135' title='bbox 938 2559 1046 2599; x_wconf 89' lang='lat' dir='ltr'>arcum</span> <span class='ocrx_word' id='word_1_136' title='bbox 1073 2535 1296 2622; x_wconf 81' lang='lat' dir='ltr'>triumphalem</span> 
     </span>
     <span class='ocr_line' id='line_1_20' title="bbox 346 2636 1297 2723; baseline -0.001 -24"><span class='ocrx_word' id='word_1_137' title='bbox 346 2649 562 2701; x_wconf 88' lang='lat' dir='ltr'>consecratum</span> <span class='ocrx_word' id='word_1_138' title='bbox 599 2637 788 2722; x_wconf 88' lang='lat' dir='ltr'>posteritati,</span> <span class='ocrx_word' id='word_1_139' title='bbox 820 2638 996 2723; x_wconf 82' lang='lat' dir='ltr'>magnilicae</span> <span class='ocrx_word' id='word_1_140' title='bbox 1032 2638 1160 2702; x_wconf 89' lang='lat' dir='ltr'>virtutis</span> <span class='ocrx_word' id='word_1_141' title='bbox 1197 2636 1297 2701; x_wconf 91' lang='lat' dir='ltr'>titulis</span> 
     </span>
     <span class='ocr_line' id='line_1_21' title="bbox 345 2736 1295 2822; baseline 0.001 -23"><span class='ocrx_word' id='word_1_142' title='bbox 345 2749 525 2811; x_wconf 87' lang='lat' dir='ltr'>erexerunt,</span> <span class='ocrx_word' id='word_1_143' title='bbox 541 2736 627 2798; x_wconf 88' lang='lat' dir='ltr'>fideli</span> <span class='ocrx_word' id='word_1_144' title='bbox 650 2737 844 2800; x_wconf 85' lang='lat' dir='ltr'>confessione</span> <span class='ocrx_word' id='word_1_145' title='bbox 866 2737 1076 2822; x_wconf 83' lang='lat' dir='ltr'>praedicantes</span> <span class='ocrx_word' id='word_1_146' title='bbox 1091 2737 1122 2799; x_wconf 93' lang='lat' dir='ltr'>in</span> <span class='ocrx_word' id='word_1_147' title='bbox 1139 2737 1295 2811; x_wconf 91' lang='lat' dir='ltr'>omnibus,</span> 
     </span>
     <span class='ocr_line' id='line_1_22' title="bbox 346 2838 1296 2923; baseline 0.002 -23"><span class='ocrx_word' id='word_1_148' title='bbox 346 2839 421 2923; x_wconf 90' lang='lat' dir='ltr'>quia</span> <span class='ocrx_word' id='word_1_149' title='bbox 436 2861 498 2901; x_wconf 90' lang='lat' dir='ltr'>non</span> <span class='ocrx_word' id='word_1_150' title='bbox 512 2861 623 2902; x_wconf 90' lang='lat' dir='ltr'>manus</span> <span class='ocrx_word' id='word_1_151' title='bbox 634 2838 766 2917; x_wconf 84' lang='lat' dir='ltr'>excelsa,</span> <span class='ocrx_word' id='word_1_152' title='bbox 779 2839 832 2902; x_wconf 92' lang='lat' dir='ltr'>sed</span> <span class='ocrx_word' id='word_1_153' title='bbox 849 2839 1005 2903; x_wconf 90' lang='lat' dir='ltr'>Dominus</span> <span class='ocrx_word' id='word_1_154' title='bbox 1017 2839 1090 2902; x_wconf 86' lang='lat' dir='ltr'>fecit</span> <span class='ocrx_word' id='word_1_155' title='bbox 1103 2838 1296 2902; x_wconf 77' lang='lat' dir='ltr'>haecomnia.</span> 
     </span>
     <span class='ocr_line' id='line_1_23' title="bbox 347 2938 1295 3025; baseline -0.003 -21"><span class='ocrx_word' id='word_1_156' title='bbox 347 2943 392 3004; x_wconf 81' lang='lat' dir='ltr'>Et</span> <span class='ocrx_word' id='word_1_157' title='bbox 419 2940 547 3025; x_wconf 91' lang='lat' dir='ltr'>quidem</span> <span class='ocrx_word' id='word_1_158' title='bbox 576 2941 803 3004; x_wconf 87' lang='lat' dir='ltr'>Constantinus</span> <span class='ocrx_word' id='word_1_159' title='bbox 827 2943 971 3003; x_wconf 71' lang='lat' dir='ltr'>Ronlana</span> <span class='ocrx_word' id='word_1_160' title='bbox 995 2940 1140 3004; x_wconf 89' lang='lat' dir='ltr'>Ecclesia</span> <span class='ocrx_word' id='word_1_161' title='bbox 1162 2938 1295 3003; x_wconf 88' lang='lat' dir='ltr'>fundata</span> 
     </span>
     <span class='ocr_line' id='line_1_24' title="bbox 346 3042 1296 3126; baseline -0.002 -21"><span class='ocrx_word' id='word_1_162' title='bbox 346 3055 377 3106; x_wconf 92' lang='lat' dir='ltr'>et</span> <span class='ocrx_word' id='word_1_163' title='bbox 394 3042 515 3118; x_wconf 90' lang='lat' dir='ltr'>dotata,</span> <span class='ocrx_word' id='word_1_164' title='bbox 531 3054 567 3106; x_wconf 93' lang='lat' dir='ltr'>ut</span> <span class='ocrx_word' id='word_1_165' title='bbox 583 3055 697 3104; x_wconf 88' lang='lat' dir='ltr'>caetera</span> <span class='ocrx_word' id='word_1_166' title='bbox 711 3043 779 3126; x_wconf 86' lang='lat' dir='ltr'>ejus</span> <span class='ocrx_word' id='word_1_167' title='bbox 801 3055 966 3106; x_wconf 85' lang='lat' dir='ltr'>taceantur</span> <span class='ocrx_word' id='word_1_168' title='bbox 990 3042 1128 3126; x_wconf 84' lang='lat' dir='ltr'>egregia,</span> <span class='ocrx_word' id='word_1_169' title='bbox 1145 3055 1296 3126; x_wconf 85' lang='lat' dir='ltr'>perpetua</span> 
     </span>
     <span class='ocr_line' id='line_1_25' title="bbox 346 3141 1295 3226; baseline -0.004 -20"><span class='ocrx_word' id='word_1_170' title='bbox 346 3141 565 3206; x_wconf 88' lang='lat' dir='ltr'>benedictione</span> <span class='ocrx_word' id='word_1_171' title='bbox 590 3142 723 3226; x_wconf 85' lang='lat' dir='ltr'>insignis</span> <span class='ocrx_word' id='word_1_172' title='bbox 749 3154 806 3205; x_wconf 90' lang='lat' dir='ltr'>est.</span> <span class='ocrx_word' id='word_1_173' title='bbox 859 3141 1059 3205; x_wconf 89' lang='lat' dir='ltr'>Justiuianus</span> <span class='ocrx_word' id='word_1_174' title='bbox 1085 3154 1117 3205; x_wconf 90' lang='lat' dir='ltr'>et</span> <span class='ocrx_word' id='word_1_175' title='bbox 1149 3146 1213 3205; x_wconf 92' lang='lat' dir='ltr'>Leo</span> <span class='ocrx_word' id='word_1_176' title='bbox 1242 3141 1295 3226; x_wconf 92' lang='lat' dir='ltr'>qui</span> 
     </span>
     <span class='ocr_line' id='line_1_26' title="bbox 346 3243 1297 3328; baseline -0.001 -23"><span class='ocrx_word' id='word_1_177' title='bbox 346 3243 465 3307; x_wconf 87' lang='lat' dir='ltr'>fuerint</span> <span class='ocrx_word' id='word_1_178' title='bbox 478 3267 517 3307; x_wconf 84' lang='lat' dir='ltr'>ex</span> <span class='ocrx_word' id='word_1_179' title='bbox 534 3267 570 3306; x_wconf 91' lang='lat' dir='ltr'>eo</span> <span class='ocrx_word' id='word_1_180' title='bbox 586 3243 694 3321; x_wconf 90' lang='lat' dir='ltr'>claret,</span> <span class='ocrx_word' id='word_1_181' title='bbox 709 3243 796 3328; x_wconf 92' lang='lat' dir='ltr'>quod</span> <span class='ocrx_word' id='word_1_182' title='bbox 821 3256 924 3307; x_wconf 91' lang='lat' dir='ltr'>totum</span> <span class='ocrx_word' id='word_1_183' title='bbox 948 3243 1054 3305; x_wconf 90' lang='lat' dir='ltr'>orbem</span> <span class='ocrx_word' id='word_1_184' title='bbox 1081 3243 1297 3306; x_wconf 86' lang='lat' dir='ltr'>sacratissimis</span> 
     </span>
     <span class='ocr_line' id='line_1_27' title="bbox 346 3342 1296 3429; baseline 0 -23"><span class='ocrx_word' id='word_1_185' title='bbox 346 3342 472 3428; x_wconf 85' lang='lat' dir='ltr'>legibus</span> <span class='ocrx_word' id='word_1_186' title='bbox 494 3345 677 3422; x_wconf 88' lang='lat' dir='ltr'>enucleatis,</span> <span class='ocrx_word' id='word_1_187' title='bbox 692 3343 784 3429; x_wconf 86' lang='lat' dir='ltr'>quasi</span> <span class='ocrx_word' id='word_1_188' title='bbox 805 3344 965 3427; x_wconf 92' lang='lat' dir='ltr'>quoddam</span> <span class='ocrx_word' id='word_1_189' title='bbox 989 3343 1142 3429; x_wconf 90' lang='lat' dir='ltr'>templum</span> <span class='ocrx_word' id='word_1_190' title='bbox 1164 3345 1296 3429; x_wconf 88' lang='lat' dir='ltr'>justitiae</span> 
     </span>
     <span class='ocr_line' id='line_1_28' title="bbox 347 3443 1295 3530; baseline 0 -23"><span class='ocrx_word' id='word_1_191' title='bbox 347 3467 467 3507; x_wconf 88' lang='lat' dir='ltr'>sacrare</span> <span class='ocrx_word' id='word_1_192' title='bbox 484 3445 683 3509; x_wconf 89' lang='lat' dir='ltr'>studuerunt.</span> <span class='ocrx_word' id='word_1_193' title='bbox 731 3450 812 3510; x_wconf 88' lang='lat' dir='ltr'>Nam</span> <span class='ocrx_word' id='word_1_194' title='bbox 830 3445 870 3508; x_wconf 90' lang='lat' dir='ltr'>de</span> <span class='ocrx_word' id='word_1_195' title='bbox 887 3443 1072 3508; x_wconf 88' lang='lat' dir='ltr'>Theodosio</span> <span class='ocrx_word' id='word_1_196' title='bbox 1088 3445 1167 3530; x_wconf 92' lang='lat' dir='ltr'>quid</span> <span class='ocrx_word' id='word_1_197' title='bbox 1184 3445 1295 3520; x_wconf 89' lang='lat' dir='ltr'>dicam,</span> 
     </span>
     <span class='ocr_line' id='line_1_29' title="bbox 347 3543 1296 3630; baseline 0.001 -25"><span class='ocrx_word' id='word_1_198' title='bbox 347 3566 442 3628; x_wconf 92' lang='lat' dir='ltr'>quem</span> <span class='ocrx_word' id='word_1_199' title='bbox 468 3543 520 3607; x_wconf 91' lang='lat' dir='ltr'>isti</span> <span class='ocrx_word' id='word_1_200' title='bbox 544 3545 672 3609; x_wconf 90' lang='lat' dir='ltr'>virtutis</span> <span class='ocrx_word' id='word_1_201' title='bbox 699 3544 878 3610; x_wconf 88' lang='lat' dir='ltr'>habuerunt</span> <span class='ocrx_word' id='word_1_202' title='bbox 901 3545 1076 3630; x_wconf 89' lang='lat' dir='ltr'>exemplar,</span> <span class='ocrx_word' id='word_1_203' title='bbox 1099 3560 1130 3609; x_wconf 87' lang='lat' dir='ltr'>et</span> <span class='ocrx_word' id='word_1_204' title='bbox 1156 3545 1296 3608; x_wconf 88' lang='lat' dir='ltr'>Ecclesia</span> 
     </span>
     <span class='ocr_line' id='line_1_30' title="bbox 348 3645 1295 3733; baseline 0.001 -24"><span class='ocrx_word' id='word_1_205' title='bbox 348 3645 410 3709; x_wconf 92' lang='lat' dir='ltr'>Dei</span> <span class='ocrx_word' id='word_1_206' title='bbox 433 3646 475 3709; x_wconf 92' lang='lat' dir='ltr'>ob</span> <span class='ocrx_word' id='word_1_207' title='bbox 499 3646 663 3730; x_wconf 85' lang='lat' dir='ltr'>religionis</span> <span class='ocrx_word' id='word_1_208' title='bbox 687 3660 719 3711; x_wconf 91' lang='lat' dir='ltr'>et</span> <span class='ocrx_word' id='word_1_209' title='bbox 739 3648 877 3733; x_wconf 85' lang='lat' dir='ltr'>justitiae</span> <span class='ocrx_word' id='word_1_210' title='bbox 898 3647 1107 3711; x_wconf 88' lang='lat' dir='ltr'>venerabilem</span> <span class='ocrx_word' id='word_1_211' title='bbox 1131 3659 1249 3722; x_wconf 92' lang='lat' dir='ltr'>notam,</span> <span class='ocrx_word' id='word_1_212' title='bbox 1265 3661 1295 3710; x_wconf 91' lang='lat' dir='ltr'>et</span> 
     </span>
     <span class='ocr_line' id='line_1_31' title="bbox 349 3745 1301 3832; baseline 0.004 -26"><span class='ocrx_word' id='word_1_213' title='bbox 349 3745 565 3810; x_wconf 90' lang='lat' dir='ltr'>sacerdotibus</span> <span class='ocrx_word' id='word_1_214' title='bbox 580 3748 807 3830; x_wconf 91' lang='lat' dir='ltr'>patientissime</span> <span class='ocrx_word' id='word_1_215' title='bbox 823 3761 929 3812; x_wconf 89' lang='lat' dir='ltr'>tamen</span> <span class='ocrx_word' id='word_1_216' title='bbox 945 3760 976 3811; x_wconf 91' lang='lat' dir='ltr'>et</span> <span class='ocrx_word' id='word_1_217' title='bbox 1001 3747 1178 3811; x_wconf 88' lang='lat' dir='ltr'>humillime</span> <span class='ocrx_word' id='word_1_218' title='bbox 1197 3747 1301 3832; x_wconf 60' lang='lat' dir='ltr'>indig7</span> 
     </span>
     <span class='ocr_line' id='line_1_32' title="bbox 347 3848 1292 3935; baseline 0 -25"><span class='ocrx_word' id='word_1_219' title='bbox 347 3858 485 3922; x_wconf 88' lang='lat' dir='ltr'>nantem,</span> <span class='ocrx_word' id='word_1_220' title='bbox 501 3870 562 3909; x_wconf 93' lang='lat' dir='ltr'>non</span> <span class='ocrx_word' id='word_1_221' title='bbox 580 3848 674 3910; x_wconf 91' lang='lat' dir='ltr'>modo</span> <span class='ocrx_word' id='word_1_222' title='bbox 700 3862 735 3912; x_wconf 95' lang='lat' dir='ltr'>ut</span> <span class='ocrx_word' id='word_1_223' title='bbox 757 3849 980 3935; x_wconf 88' lang='lat' dir='ltr'>imperatorem</span> <span class='ocrx_word' id='word_1_224' title='bbox 996 3862 1144 3913; x_wconf 87' lang='lat' dir='ltr'>venerata</span> <span class='ocrx_word' id='word_1_225' title='bbox 1166 3863 1225 3925; x_wconf 88' lang='lat' dir='ltr'>est,</span> <span class='ocrx_word' id='word_1_226' title='bbox 1242 3848 1292 3912; x_wconf 92' lang='lat' dir='ltr'>sed</span> 
     </span>
     <span class='ocr_line' id='line_1_33' title="bbox 348 3947 1294 4037; baseline 0 -25"><span class='ocrx_word' id='word_1_227' title='bbox 348 3961 384 4013; x_wconf 88' lang='lat' dir='ltr'>ut</span> <span class='ocrx_word' id='word_1_228' title='bbox 413 3947 609 4012; x_wconf 85' lang='lat' dir='ltr'>antistitem?</span> <span class='ocrx_word' id='word_1_229' title='bbox 651 3949 714 4022; x_wconf 88' lang='lat' dir='ltr'>Qui</span> <span class='ocrx_word' id='word_1_230' title='bbox 745 3953 829 4034; x_wconf 84' lang='lat' dir='ltr'>leges</span> <span class='ocrx_word' id='word_1_231' title='bbox 857 3951 984 4029; x_wconf 90' lang='lat' dir='ltr'>tulerat,</span> <span class='ocrx_word' id='word_1_232' title='bbox 1011 3974 1107 4037; x_wconf 87' lang='lat' dir='ltr'>quam</span> <span class='ocrx_word' id='word_1_233' title='bbox 1139 3952 1294 4037; x_wconf 90' lang='lat' dir='ltr'>patienter</span> 
     </span>
     <span class='ocr_line' id='line_1_34' title="bbox 347 4048 1293 4116; baseline -0.001 -2"><span class='ocrx_word' id='word_1_234' title='bbox 347 4050 421 4115; x_wconf 93' lang='lat' dir='ltr'>tulit</span> <span class='ocrx_word' id='word_1_235' title='bbox 451 4048 635 4113; x_wconf 88' lang='lat' dir='ltr'>sententiam</span> <span class='ocrx_word' id='word_1_236' title='bbox 668 4049 838 4114; x_wconf 87' lang='lat' dir='ltr'>sacerdotis</span> <span class='ocrx_word' id='word_1_237' title='bbox 869 4052 1124 4116; x_wconf 90' lang='lat' dir='ltr'>Mediolanensis.</span> <span class='ocrx_word' id='word_1_238' title='bbox 1183 4055 1227 4116; x_wconf 90' lang='lat' dir='ltr'>Et</span> <span class='ocrx_word' id='word_1_239' title='bbox 1257 4074 1293 4114; x_wconf 92' lang='lat' dir='ltr'>ne</span> 
     </span>
     <span class='ocr_line' id='line_1_35' title="bbox 346 4150 1293 4239; baseline -0.003 -23"><span class='ocrx_word' id='word_1_240' title='bbox 346 4155 532 4217; x_wconf 85' lang='lat' dir='ltr'>sententiam</span> <span class='ocrx_word' id='word_1_241' title='bbox 548 4150 680 4213; x_wconf 89' lang='lat' dir='ltr'>emolliti</span> <span class='ocrx_word' id='word_1_242' title='bbox 695 4151 884 4236; x_wconf 88' lang='lat' dir='ltr'>presbyteri,</span> <span class='ocrx_word' id='word_1_243' title='bbox 901 4166 932 4216; x_wconf 93' lang='lat' dir='ltr'>et</span> <span class='ocrx_word' id='word_1_244' title='bbox 950 4152 1148 4238; x_wconf 90' lang='lat' dir='ltr'>principibus</span> <span class='ocrx_word' id='word_1_245' title='bbox 1163 4157 1293 4239; x_wconf 90' lang='lat' dir='ltr'>applau-</span> 
     </span>
     <span class='ocr_line' id='line_1_36' title="bbox 345 4254 1293 4345; baseline -0.003 -28"><span class='ocrx_word' id='word_1_246' title='bbox 345 4255 449 4320; x_wconf 90' lang='lat' dir='ltr'>dentis</span> <span class='ocrx_word' id='word_1_247' title='bbox 464 4255 560 4318; x_wconf 87' lang='lat' dir='ltr'>fuisse</span> <span class='ocrx_word' id='word_1_248' title='bbox 573 4267 711 4345; x_wconf 86' lang='lat' dir='ltr'>teneram</span> <span class='ocrx_word' id='word_1_249' title='bbox 728 4265 864 4338; x_wconf 89' lang='lat' dir='ltr'>putes,a</span> <span class='ocrx_word' id='word_1_250' title='bbox 879 4254 1033 4340; x_wconf 89' lang='lat' dir='ltr'>regalium</span> <span class='ocrx_word' id='word_1_251' title='bbox 1049 4278 1107 4319; x_wconf 91' lang='lat' dir='ltr'>usu</span> <span class='ocrx_word' id='word_1_252' title='bbox 1125 4275 1293 4339; x_wconf 92' lang='lat' dir='ltr'>suspensus</span> 
     </span>
    </p>
   </div>
   <div class='ocr_carea' id='block_1_5' title="bbox 0 0 1660 5309">
    <p class='ocr_par' dir='ltr' id='par_1_5' title="bbox 0 0 1660 5309">
     <span class='ocr_line' id='line_1_37' title="bbox 0 0 1660 5309; baseline 0 0"><span class='ocrx_word' id='word_1_253' title='bbox 0 0 1660 5309; x_wconf 95' lang='lat' dir='ltr'> </span> 
     </span>
    </p>
   </div>
  </div>
 </body>
</html>
