3309 5309
349 709 421 756 csr.
438 692 479 771 r.]
700 710 955 758 ronrcnarrcus.

640 964 781 1028 LIBER
804 965 1022 1036 QUINTUS.

741 1164 923 1209 PROLOGUS·

398 1287 480 1351 Nou
495 1288 596 1353 solent
611 1288 652 1353 ad
668 1310 809 1373 unguem
832 1287 966 1372 grandia
983 1288 1049 1354 sine
1065 1312 1152 1355 mora
1166 1294 1307 1372 lustrari,

351 1411 411 1454 nec
435 1389 528 1454 facile
552 1404 600 1456 est
626 1390 863 1476 provinciarum
889 1389 1120 1474 longitudinem
1143 1407 1176 1458 et
1198 1395 1309 1460 latitu-

352 1491 462 1556 dinem
490 1495 525 1556 in
554 1506 716 1557 momento
745 1506 971 1558 transcurrere.
1033 1494 1085 1557 Sic
1114 1518 1164 1559 res
1193 1498 1309 1582 magna

352 1597 514 1660 succincte
529 1594 660 1682 quidem
675 1618 694 1659 a
710 1594 851 1680 sapiente
866 1594 1028 1659 interdum
1043 1598 1308 1683 proponitur,sed

351 1719 520 1784 nunquam
542 1697 682 1783 perfecte
705 1697 764 1762 sub
786 1697 935 1780 angustia
958 1698 1111 1761 sermonis
1134 1699 1232 1763 nimia
1253 1723 1309 1765 ex·

352 1799 516 1885 planatur.
560 1798 650 1874 Quid
673 1812 780 1864 autem
804 1801 836 1863 in
860 1798 1006 1863 humanis
1024 1799 1120 1864 rebus
1139 1803 1243 1886 majus
1262 1817 1309 1867 est

351 1901 548 1988 principatu,
574 1902 667 1987 cujus
693 1901 831 1966 officium
857 1902 1092 1986 quodammodo
1118 1904 1224 1968 omnia
1249 1905 1310 1969 cir·

352 2001 467 2083 cumit,
487 2000 610 2086 implet,
632 2012 663 2066 et
690 2013 850 2087 penetrat,
872 2014 904 2064 et
926 2005 1020 2087 quasi
1046 2002 1159 2067 robore
1181 2003 1309 2070 virtutis

352 2125 433 2181 suoe,
448 2103 548 2168 totius
568 2103 768 2189 Reipublicae
791 2105 906 2167 molem
928 2108 1062 2189 portat?
1100 2106 1183 2191 Ejus
1197 2107 1308 2193 itaque

351 2205 578 2291 contemplatio
604 2217 741 2270 tractum
768 2205 876 2287 habet,
897 2219 930 2270 et
955 2229 1074 2270 moram
1101 2207 1213 2293 exigit,
1237 2222 1307 2274 tum

352 2329 421 2393 prae
443 2306 664 2392 magnitudine
687 2311 747 2391 sui,
769 2320 839 2372 tum
863 2330 930 2393 prae
953 2321 1131 2390 venustate,
1153 2333 1251 2396 quam
1273 2311 1305 2375 iu

352 2408 456 2495 capite
467 2408 667 2493 Reipublicae
673 2409 857 2494 jucundum
869 2422 917 2474 est
928 2410 1078 2474 omnibus
1088 2413 1308 2499 contemplari.

352 2509 507 2574 Modesto
528 2533 605 2595 ergo
625 2510 794 2588 brevitate,
815 2513 849 2574 in
869 2510 1065 2595 inspiciendo
1086 2533 1217 2597 corpore
1239 2514 1309 2596 ejus

350 2613 571 2690 immoremur,
594 2626 626 2676 et
653 2611 732 2696 quid
759 2635 856 2698 super
881 2612 942 2674 hoc
968 2611 1161 2676 Plutarchus
1185 2628 1308 2678 censeat

350 2711 512 2776 audiatur.
567 2712 662 2786 Nam,
697 2709 836 2773 deducta
872 2708 1097 2795 superstitione
1127 2710 1309 2794 gentilium,

351 2813 456 2878 fidelis
481 2827 529 2878 est
554 2813 588 2876 in
615 2810 789 2889 sententiis,
813 2811 846 2874 in
873 2811 978 2875 verbis
1000 2810 1195 2889 luculentus,
1217 2826 1249 2876 et
1275 2813 1308 2876 in

351 2916 489 2980 sacrario
504 2934 629 2977 morum
646 2924 754 2975 tantus
775 2913 905 2993 arbiter,
919 2925 957 2976 ut
971 2911 1064 2976 facile
1079 2928 1307 2998 praeceptorem

351 3016 486 3102 Trajani
510 3011 612 3097 possis
632 3034 810 3096 agnoscere.
858 3013 987 3098 Siquid
1010 3025 1117 3077 autem
1133 3013 1218 3099 apud
1234 3037 1308 3078 eum

349 3141 371 3183 a
391 3118 457 3182 fide
481 3113 637 3189 dissentit,
661 3106 717 3178 aut
740 3115 894 3194 moribus,
916 3115 1052 3201 tempori
1075 3115 1193 3199 potius,
1207 3139 1306 3201 quam

348 3218 420 3283 viro
435 3213 643 3281 adscribatur.
690 3214 723 3276 Si
740 3213 824 3279 enim
836 3214 973 3299 Virgilio
988 3213 1078 3277 licuit
1092 3236 1207 3279 aurum
1223 3214 1307 3301 sapi·

348 3322 446 3384 entiae
465 3318 497 3380 in
514 3315 584 3379 luto
599 3315 697 3379 Ennii
713 3338 868 3401 quaerere,
882 3339 956 3401 quae
971 3315 1091 3380 invidia
1105 3329 1152 3380 est
1167 3338 1215 3393 ea,
1231 3340 1306 3402 quae

347 3419 390 3484 ad
413 3417 627 3482 eruditionem
659 3429 798 3480 nostram
825 3440 845 3480 a
869 3414 1042 3499 gentilibus
1072 3417 1190 3503 scripta
1219 3431 1304 3493 sunt,
1352 3426 1360 3435 ⁴

346 3519 464 3584 nostris
485 3518 742 3582 communicare?
781 3520 845 3582 His
871 3539 947 3601 ergo
969 3517 1091 3582 omissis
1117 3519 1158 3581 ad
1182 3518 1305 3605 reliqua

348 3619 567 3708 procedamus.

369 3917 449 4000 Cap.
470 3920 495 3977 l.
519 3913 668 3996 Epistola
684 3914 858 3976 Plutarchi
873 3915 1067 3978 instruentis
1086 3915 1281 3995 Trajanum.

392 4077 516 4140 Exrnr
537 4072 685 4160 Epistola
707 4072 885 4151 Plutarchi,
902 4076 1074 4161 Trajanum
1095 4075 1300 4149 instituentis,

346 4201 421 4264 quae
443 4175 610 4262 cujusdam
632 4174 776 4239 Politicae
799 4175 1036 4239 constitutionis
1058 4177 1209 4260 exprimit
1231 4197 1299 4236 sen-

345 4303 428 4345 sum.
474 4283 524 4343 Ea
539 4278 657 4343 dicitur
679 4299 745 4340 esse
761 4277 1193 4360 hujusmodi—Plutarchus
1217 4277 1297 4336 Tra-
