3309 5309
442 705 587 753 cAP.
620 690 759 770 111.]
1121 705 1626 749 Pom’an'rlcns.
2217 697 2343 754 225

440 856 730 920 nonnihil
764 869 991 921 tamen.
1063 855 1470 942 sapientibus
1499 879 1651 940 ergo
1682 870 1745 920 et
1774 856 2219 942 insipientibus
2241 858 2349 922 de-

437 959 609 1023 bitor
639 971 758 1034 est,
781 958 1027 1043 pusillis
1057 972 1119 1022 et
1144 958 1508 1043 majoribus.
1571 962 1734 1033 Quae
1759 959 2018 1044 quidem
2043 961 2350 1045 inspectio

437 1059 794 1122 communis
845 1071 939 1122 est
998 1057 1280 1121 omnium
1341 1057 1774 1141 praelatorum,
1827 1073 1890 1123 et
1951 1082 2170 1122 eorum
2233 1061 2348 1143 qui

433 1160 863 1245 spiritualium
910 1182 1125 1223 curam
1172 1170 1425 1244 gerunt,
1477 1173 1540 1223 et
1585 1160 1700 1244 qui
1745 1160 2105 1224 saecularem
2144 1163 2346 1246 juris-

370 1268 379 1274 '
429 1262 774 1327 dictionem
819 1277 1129 1325 exercent.
1239 1261 1430 1324 Unde
1477 1275 1540 1324 et
1605 1262 2097 1338 Melchisedech,
2146 1286 2337 1348 quem

431 1364 710 1450 primum
745 1362 1057 1449 scriptura
1087 1386 1297 1447 regem
1343 1363 1693 1427 introducit
1726 1376 1791 1427 et
1827 1365 2233 1439 sacerdotem,
2267 1383 2341 1430 ut

432 1464 515 1527 ad
548 1486 830 1548 praesens
852 1463 1221 1547 mysterium
1252 1476 1554 1541 taceatur,
1575 1487 1708 1548 quo
1729 1464 2097 1548 praefigurat
2124 1467 2339 1531 Chris-

434 1578 600 1641 tum,
633 1565 744 1651 qui
783 1566 846 1626 in
889 1563 1064 1627 coelis
1109 1563 1240 1626 sine
1286 1576 1510 1643 matre,
1540 1578 1604 1627 et
1649 1565 1713 1626 in
1763 1556 1944 1628 terris
1989 1567 2121 1628 sine
2165 1582 2343 1652 patre

430 1680 627 1731 natus
649 1679 778 1731 est:
826 1665 954 1741 ille,
973 1665 1258 1751 inquam,
1279 1688 1392 1728 nec
1416 1679 1661 1749 patrem
1683 1689 1795 1729 nec
1820 1680 2081 1731 matrem
2105 1668 2343 1752 legitur

429 1768 751 1844 habuisse,
775 1790 902 1833 non
933 1767 1110 1852 quod
1145 1785 1418 1852 utroque
1442 1767 1739 1841 caruerit,
1761 1768 1867 1831 sed
1895 1769 2048 1853 quia
2068 1792 2337 1854 regnum

431 1888 496 1934 et
527 1869 951 1934 sacerdotium
975 1868 1054 1930 de
1083 1868 1328 1931 ratione
1357 1890 1479 1930 non
1506 1869 1764 1953 pariunt
1797 1892 1943 1932 caro
1966 1882 2028 1932 et
2060 1871 2339 1954 sanguis,

430 1995 635 2058 quum
649 1974 714 2035 in
734 1970 1041 2035 alterutro
1060 1969 1330 2033 creando
1348 1983 1685 2053 parentum
1704 1983 2023 2054 respectus
2042 1971 2201 2035 citra
2214 1973 2272 2035 vi
2282 1996 2339 2035 r-

433 2089 650 2140 tutum
685 2077 909 2136 merita
938 2072 1281 2158 praevalere
1310 2094 1434 2135 non
1467 2072 1718 2150 debeat,
1740 2073 1849 2135 sed
1882 2074 2159 2137 salubria
2190 2075 2338 2137 sub-

420 2177 740 2262 jectorum
772 2172 1054 2236 fidelium
1086 2185 1272 2246 vota3
1322 2185 1385 2236 et
1418 2196 1618 2258 quum
1651 2172 2014 2240 alterutrius
2044 2175 2337 2238 culminis

430 2277 671 2363 apicem
702 2274 975 2360 quisque
1003 2275 1456 2350 conscenderit,
1488 2276 1775 2339 oblivisci
1815 2277 2005 2341 debet
2037 2278 2334 2341 affectum

429 2378 657 2458 carniS,
701 2390 763 2440 et
812 2376 878 2439 id
931 2376 1133 2439 solum
1187 2399 1394 2461 agere,
1445 2377 1619 2461 quod
1681 2379 2110 2463 subjectorum
2164 2379 2335 2443 salus

429 2478 736 2566 exposcit.
828 2479 1145 2564 Subjectis
1187 2479 1408 2563 itaque
1452 2493 1634 2563 pater
1677 2484 1759 2543 sit
1804 2494 1866 2543 et
1898 2482 2188 2558 marituS,
2221 2495 2333 2545 aut

428 2585 480 2648 si
535 2580 905 2646 teneriorem
955 2581 1196 2644 noverit
1243 2578 1658 2654 affectionem,
1705 2593 1928 2643 utatur
1971 2603 2078 2644 ea:
2140 2583 2332 2644 amari

428 2684 633 2769 magis
663 2683 938 2762 studeat,
967 2704 1162 2767 quarn
1196 2681 1425 2759 timeri,
1448 2695 1511 2744 et
1542 2703 1606 2743 se
1637 2682 1826 2744 talem
1863 2681 1987 2745 illis
2015 2681 2335 2760 exhibeat,

428 2800 500 2852 ut
547 2787 742 2850 vitam
784 2786 923 2870 ejus
958 2805 1038 2845 ex
1083 2781 1419 2844 devotione
1464 2781 1806 2866 praeferant
1852 2803 2006 2858 suae,
2054 2796 2116 2847 et
2162 2783 2329 2846 inco·

423 2887 783 2951 lumitatem
814 2883 1004 2960 illius,
1034 2880 1353 2965 quandam
1396 2883 1716 2965 publicam
1763 2895 2062 2968 reputent
2093 2883 2327 2957 vitam;

422 3002 484 3053 et
509 2987 570 3068 ei
594 2999 748 3051 tunc
769 2983 982 3046 omnia
1006 2994 1172 3043 recte
1197 2981 1563 3065 procedent,
1588 2996 1653 3046 et
1684 3005 2033 3068 paucorum
2058 2985 2331 3068 stipatus

422 3087 752 3173 obsequiO,
781 3082 1175 3167 praevalebit,
1207 3083 1258 3145 si
1297 3106 1461 3168 opus
1489 3097 1607 3161 est,
1638 3084 1947 3148 adversus
1976 3085 2333 3148 innumera-

422 3193 601 3258 biles.
697 3185 911 3250 Fortis
940 3185 1173 3249 etenim
1205 3197 1299 3249 est
1333 3197 1402 3249 ut
1438 3208 1603 3248 mors
1633 3185 1921 3260 dilecti03
1971 3199 2034 3250 et
2064 3209 2326 3265 cuneuS‚

423 3315 610 3380 quem
656 3287 927 3354 funiculi
972 3287 1202 3351 amoris
1245 3287 1708 3372 constringunt,
1754 3310 1876 3351 non
1922 3288 2105 3352 facile
2156 3312 2327 3353 rum-

417 3395 613 3481 pitur.
707 3392 1018 3453 Dotenses
1076 3410 1221 3451 cum
1274 3387 1775 3451 Atheniensibus
1834 3390 2179 3472 pugnaturi
2241 3391 2322 3454 de

420 3506 656 3560 eventu
696 3490 900 3576 praelii
932 3487 1191 3554 oracula
1232 3486 1707 3552 consuluerunt.
1798 3491 2197 3573 Responsum
2229 3506 2323 3558 est

420 3593 775 3681 superiores
814 3592 970 3668 fore,
1001 3589 1118 3653 nisi
1149 3612 1359 3674 regem
1394 3588 1880 3653 Atheniensium
1923 3591 2321 3660 occidissent.

423 3701 644 3771 Quum
691 3705 952 3757 ventum
981 3704 1141 3755 esset
1185 3691 1248 3754 in
1299 3691 1556 3765 bellum,
1589 3691 1903 3756 militibus
1934 3704 2081 3758 ante
2108 3699 2322 3762 omnia

419 3799 587 3883 regis
608 3794 894 3860 custodia
925 3793 1318 3880 praecipitur.
1398 3793 1902 3859 Atheniensibus
1930 3817 2005 3858 eo
2036 3810 2319 3882 tempore

421 3923 534 3965 rex
588 3897 837 3963 Codrus
882 3908 1038 3961 erat.
1126 3895 1255 3969 Qui
1303 3895 1625 3982 responsio
1677 3895 1821 3970 Dei,
1871 3910 1932 3961 et
1986 3905 2321 3987 praeceptis

422 4001 700 4065 bostium
730 3996 1021 4083 cognitis,
1040 3999 1311 4062 mutatio
1339 3996 1506 4081 regis
1535 3997 1785 4073 habitu,
1817 4011 2132 4064 sarmenta
2158 4002 2324 4064 collo

421 4123 668 4187 gerens,
694 4099 760 4162 in
791 4111 998 4162 castra
1025 4097 1303 4162 hostium
1333 4099 1712 4183 ingreditur.
1791 4101 1869 4163 In
1903 4102 2096 4165 turba
2121 4099 2322 4164 obsis·

422 4204 721 4276 tentium,
752 4222 790 4262 a
819 4199 1017 4263 milite
1047 4219 1238 4283 quem
1269 4199 1430 4263 falce
1470 4212 1890 4284 percusserat,
1917 4197 2318 4262 interficitur.

425 4303 703 4386 Cognito
733 4300 897 4387 regis
917 4322 1203 4385 corpore,
1232 4304 1544 4364 Dotenses
1566 4301 1701 4365 sine
1723 4297 1942 4384 praelio
1963 4298 2257 4381 discedu-

503 4423 648 4469 voL.
682 4423 782 4468 111.
1326 4419 1370 4465 Q
