3309 5309
345 688 410 747 280
607 704 743 749 scaurus
759 703 1039 750 sanasannrsnsls
1167 687 1249 762 [ura.
1267 705 1299 748 v,

345 853 498 937 pluviam,
529 869 616 919 etos
647 877 741 918 sunm
771 854 956 937 aperiebant
976 854 1068 940 quasi
1095 852 1136 916 ad
1165 854 1298 919 imbrem

347 954 531 1018 serotinum.
570 954 604 1018 Si
615 953 745 1041 quando
756 953 898 1018 ridebam
914 954 956 1018 ad
967 976 1032 1028 eos,
1043 975 1105 1017 non
1117 954 1299 1033 credebant,

346 1067 379 1119 et
401 1056 459 1119 lux
482 1056 592 1121 vultus
615 1057 677 1119 mei
697 1078 760 1119 non
781 1056 915 1120 cadebat
936 1055 1112 1120 interram.
1160 1055 1194 1120 Si
1211 1056 1301 1119 volu·

345 1156 438 1221 issem
453 1157 500 1221 ire
514 1157 555 1220 ad
571 1181 637 1234 eos,
647 1156 794 1220 sedebam
807 1156 941 1240 primus.
973 1158 1148 1242 Quumque
1160 1157 1297 1221 sederem

346 1260 436 1344 quasi
462 1281 519 1322 rex
545 1259 687 1324 exercitu
715 1257 951 1339 circumstante,
976 1280 1061 1321 eram
1089 1270 1196 1322 tamen
1226 1280 1300 1322 moe·

349 1362 484 1426 rentium
505 1362 694 1426 consolator.
739 1362 824 1424 Ecce
845 1360 999 1446 regnandi
1018 1360 1051 1425 in
1068 1361 1139 1424 viro
1155 1363 1247 1446 justo
1260 1383 1298 1424 ex

347 1487 462 1548 magna
473 1477 562 1550 parte
572 1484 720 1550 expressa
728 1476 776 1527 est
785 1463 934 1539 formula,
949 1486 1046 1550 quarn
1063 1464 1089 1527 si
1105 1486 1163 1549 per
1178 1461 1300 1548 singula

347 1569 463 1650 exequi
490 1566 697 1645 voluerimus,
720 1565 838 1650 integri
864 1565 939 1631 libri
964 1565 1230 1650 magnitudinem,
1254 1568 1300 1630 in·

348 1682 503 1733 sertorum
528 1668 681 1733 virtutum
705 1667 799 1731 series
826 1667 878 1731 vel
903 1668 969 1732 sola
992 1667 1175 1752 complebit.
1222 1666 1301 1733 Dili-

347 1793 426 1855 gens
448 1770 547 1836 lector
569 1768 694 1854 singula
716 1769 813 1834 verba
831 1769 993 1845 discutiet,
1013 1769 1089 1856 quia
1107 1772 1141 1833 in
1164 1768 1214 1832 his
1235 1791 1301 1832 om·

346 1874 454 1953 nibus,
477 1896 533 1936 nec
554 1873 632 1948 iota,
655 1894 712 1936 nec
738 1894 819 1957 apex
843 1895 863 1936 a
884 1872 1036 1958 mysterio
1063 1870 1175 1936 salutis
1201 1883 1300 1935 vacat.

348 1976 456 2039 Pauca
467 1988 571 2037 tamen
582 1993 657 2058 quae
668 1973 701 2037 in
714 1972 782 2059 ipsa
793 1973 959 2059 superficie
968 1973 1139 2038 verborum
1151 1973 1301 2050 eminent,

348 2089 470 2161 quanta
492 2089 603 2162 potero
625 2076 781 2140 brevitate
810 2077 1034 2162 perstringam.
1079 2075 1228 2151 Quando,
1254 2075 1300 2139 in-

347 2179 430 2262 quit,
446 2178 590 2242 lavabam
606 2177 704 2262 pedes
724 2200 809 2242 meos
832 2177 963 2263 butyro,
978 2190 1010 2242 et
1030 2189 1122 2262 petra
1144 2177 1298 2242 fundebat

345 2279 421 2341 mibi
437 2279 608 2359 mausolei,
623 2301 724 2363 quum
740 2280 772 2343 in
788 2293 901 2364 parata
914 2279 1066 2343 cathedra
1081 2279 1249 2344 residerem
1265 2279 1298 2342 in

344 2379 462 2464 platea,
474 2380 749 2445 abscondebantur
753 2382 900 2466 juvenes,
911 2395 944 2447 et
955 2382 1034 2446 mihi
1049 2403 1138 2445 senes
1144 2382 1299 2447 astabant.

350 2480 458 2545 innuit
476 2503 553 2565 ergo
568 2480 643 2567 quia
661 2502 764 2545 rerum
781 2481 956 2562 affluentia,
970 2482 1212 2568 gratiarumque
1226 2505 1298 2547 cou-

345 2605 468 2656 cursus,
484 2581 512 2645 ei
529 2581 730 2667 prudentiam
750 2604 811 2645 non
827 2581 1032 2660 excusserint,
1047 2581 1102 2646 sed
1118 2585 1150 2647 in
1170 2583 1220 2648 his
1234 2606 1298 2647 om·

347 2684 442 2748 nibus
464 2706 504 2747 ex
520 2683 720 2762 conscientia,
739 2696 771 2748 et
793 2683 975 2748 testimonio
996 2683 1153 2748 bonorum
1168 2707 1299 2770 operum

346 2786 519 2852 auctoritas
534 2786 720 2850 inconcussa
735 2786 917 2872 permansit.
963 2786 1204 2871 Egrediebatur
1217 2787 1298 2851 enim

345 2889 386 2952 ad
402 2902 526 2974 portam
538 2888 595 2974 qui
608 2887 738 2952 latebris
753 2910 814 2951 non
830 2888 956 2970 egebat,
967 2900 999 2952 et
1015 2889 1071 2973 qui
1083 2888 1219 2953 docendi
1231 2912 1299 2974 pro-

346 3004 505 3056 meruerat
520 2989 637 3067 sedem,
653 3011 762 3053 senum
787 2988 990 3075 prudentiam
1004 2990 1160 3075 erigebat,
1174 2990 1299 3056 levitate

342 3092 476 3177 juvenili
512 3090 707 3157 abscondita.
754 3090 929 3155 Cessabant
959 3089 1047 3176 loqui
1077 3091 1246 3178 principes,
1267 3104 1298 3156 et

345 3195 455 3275 lingna
470 3192 588 3258 ducum
603 3190 730 3275 gutturi
746 3190 942 3265 adhaerebat,
959 3213 1023 3255 non
1035 3191 1193 3257 audentes
1207 3214 1298 3277 gran·

347 3292 400 3355 dia
423 3293 520 3377 loqui,
543 3305 575 3355 et
604 3292 768 3377 imponere
797 3291 828 3353 in
855 3291 994 3357 humeris
1016 3291 1181 3358 hominurn
1204 3314 1298 3356 onera

347 3391 571 3477 importabilia,
588 3416 663 3477 quae
678 3417 734 3457 nec
757 3392 923 3480 superficie
938 3393 1033 3480 digiti
1049 3393 1139 3480 tangi
1156 3409 1295 3480 possunt.

349 3494 492 3558 Docebat
507 3495 589 3556 enim
607 3517 731 3559 omnem
753 3496 882 3561 virtutis
898 3495 1023 3560 laudem
1041 3497 1075 3561 in
1091 3497 1214 3562 actione
1227 3519 1298 3562 con-

348 3596 662 3683 sistere,cussumque
673 3597 943 3683 essesplendorem
954 3597 1184 3674 verbi,cuinon
1194 3599 1300 3663 subest

348 3696 490 3762 soliditas
504 3698 619 3785 operis.
665 3701 703 3763 In
720 3699 806 3763 omui
820 3721 927 3785 opere,
942 3697 1047 3784 inquit
1066 3699 1224 3775 Salomon,
1240 3699 1297 3764 erit

348 3798 555 3879 abundantio,
578 3800 632 3863 ubi
656 3815 762 3865 autern
786 3802 885 3864 verba
907 3814 982 3865 sunt
1005 3801 1153 3888 plurima,
1174 3803 1220 3866 ibi
1239 3803 1298 3866 fre·

348 3912 483 3985 quenter
511 3914 643 3983 egestas.
693 3902 879 3988 Principum
911 3925 985 3966 vero
1013 3916 1046 3967 et
1075 3903 1213 3969 divitum
1241 3917 1298 3979 est,

348 4002 427 4066 alius
441 4001 473 4066 in
489 4003 542 4066 via
555 4022 679 4064 morum
695 4004 885 4087 praecedere,
896 4027 957 4068 non
970 4028 1045 4090 quae
1060 4005 1299 4084 faciendasunt,

348 4104 417 4169 aliis
432 4102 554 4169 tumide
569 4101 722 4171 intonare.
746 4106 847 4170 Auris
862 4106 1006 4183 audiens,
1021 4122 1052 4170 et
1067 4112 1181 4173 oculus
1192 4108 1300 4174 videns

348 4209 550 4273 beatificabat
587 4229 646 4270 me.
711 4209 932 4274 Instrumenta
964 4211 1106 4295 corporis
1142 4210 1299 4296 eleganter

349 4311 516 4398 expressit,
539 4309 658 4400 quibus
674 4332 784 4377 sensus
807 4310 919 4375 animas
943 4311 1080 4377 maxime
1101 4313 1301 4378 convalescit.
