3309 5309
236 636 306 683 car.
322 618 398 698 xta]
589 627 845 678 marcomanos.
1147 615 1189 676 79

234 781 368 871 generis,
390 785 541 872 temporis
562 783 776 872 perpetuitate
795 793 988 869 compensat.
1027 783 1119 846 Mors
1141 795 1188 848 et-

235 887 317 951 enim
338 887 401 968 illa,
418 886 526 972 Moysi
548 887 660 950 faciem
682 885 804 950 detexit
820 885 986 964 universis,
1002 896 1189 971 perpetuam

236 991 504 1066 d'uritiam'scidit,
518 1003 549 1056 et
565 990 804 1054 resurrectionis
815 989 973 1074 primitias
987 992 1019 1053 in
1036 1000 1185 1052 aeternam

235 1093 378 1158 laetitiam
402 1093 591 1157 introduxit.
640 1091 700 1155 Illa
722 1114 854 1177 quoque
875 1114 949 1176 quae
972 1091 1054 1154 diem
1073 1088 1188 1173 judicii

236 1190 412 1278 praevenire
423 1190 584 1266 dicuntur,
598 1212 654 1275 per
665 1189 732 1252 dies
747 1211 801 1265 xv,
813 1189 839 1252 si
855 1200 959 1252 tamen
975 1189 1087 1252 futura
1101 1201 1189 1264 sunt,

236 1293 387 1379 quoniam
418 1287 458 1354 de
487 1291 643 1376 scriptura
670 1291 832 1355 Canonica
861 1290 1095 1353 firmamentum
1125 1311 1189 1352 non

236 1395 368 1469 habent,
398 1406 520 1458 naturae
550 1394 675 1478 legibus
704 1393 833 1457 minime
863 1391 1085 1476 subjacebunt,
1111 1391 1189 1456 dum

237 1512 345 1562 tamen
356 1513 499 1562 naturam
512 1495 574 1572 hic,
585 1509 621 1559 ut
636 1496 669 1558 in
680 1495 757 1559 locis
768 1516 863 1580 quam
876 1494 1036 1581 pluribus,
1047 1495 1190 1558 dicamus

237 1602 368 1664 solitum
384 1620 511 1662 cursum
529 1620 646 1673 rerum,
662 1611 718 1661 aut
733 1619 844 1660 causas
857 1596 996 1661 occultas
1010 1610 1189 1671 eventuumj

239 1724 375 1788 quarum
393 1701 475 1765 ratio
490 1696 578 1764 reddi
594 1713 709 1786 potest.

243 1977 322 2061 Cap.
350 1981 399 2038 12.
421 1977 519 2040 Nihil
546 1983 658 2039 contro
687 1984 855 2051 oraturum,
886 1983 1017 2039 auctore
1046 1977 1192 2049 Plutone,

307 2081 499 2159 contingere,
516 2083 574 2160 qui
589 2084 745 2140 naturum
760 2081 838 2140 uicit
852 2079 917 2141 Det
931 2080 1136 2143 voluntatem.

289 2212 326 2274 Sr
349 2232 422 2274 vero
448 2211 613 2276 Platonem
642 2211 804 2297 sequimur
828 2213 884 2298 qui
900 2214 1021 2276 vasserit
1048 2224 1192 2277 naturam

244 2337 312 2378 esse
338 2314 399 2377 Dei
427 2315 636 2391 voluntatem,
659 2315 803 2400 profecto
826 2315 905 2379 nihil
931 2316 1065 2381 istorum
1088 2315 1195 2379 evenit

243 2428 356 2482 contra
374 2426 533 2496 naturam,
548 2439 649 2503 quum
671 2417 726 2480 ille
740 2419 846 2482 omnia
867 2439 1071 2507 quotcunque
1092 2418 1194 2482 voluit

245 2520 365 2585 fecerit.
411 2519 472 2583 llle
496 2519 625 2606 quidem
641 2519 725 2584 'dum
741 2535 857 2584 rerum
874 2541 987 2586 ¹causas
1012 2521 1196 2607 exequitur,

245 2622 339 2685 finem
355 2623 495 2687 omnium
512 2622 653 2685 divinam
678 2624 792 2688 astruit
814 2623 1000 2687 bonitatem.
1047 2622 1197 2707 Optimus

246 2736 306 2802 est,
332 2725 446 2811 inquit.
507 2725 606 2787 Porro
636 2725 677 2789 ab
707 2724 828 2810 optimo
860 2724 953 2808 longe
982 2723 1121 2809 relegata
1149 2735 1198 2788 est

246 2830 348 2890 omnis
362 2826 491 2889 invidia.
540 2826 657 2909 Itaque
679 2843 907 2911 consequenter
921 2839 1035 2891 cuncta
1050 2827 1097 2890 sui
1115 2824 1199 2889 simi-

246 2927 300 3005 lia,
327 2940 424 3012 prout
449 2940 565 2990 natura
591 2928 750 3014 cujusque
773 2927 980 2992 beatitudinis
1003 2951 1104 3015 capax
1130 2951 1197 2992 esse

245 3043 386 3116 poterat,
404 3029 483 3091 effici
508 3028 619 3104 voluit,
636 3051 733 3115 quam
754 3028 884 3114 quidem
907 3031 969 3092 Dei
992 3029 1201 3108 voluntatem,

246 3130 456 3195 certissimam
474 3152 580 3193 rerum
596 3129 748 3214 originem
770 3154 847 3206 esse,
864 3130 889 3193 si
905 3130 976 3216 quis
991 3143 1100 3216 ponat,
1116 3142 1200 3194 recte

248 3255 322 3297 eum
351 3245 465 3318 putare
487 3231 690 3296 consentiam.
735 3235 780 3297 Et
804 3231 934 3318 quidem
958 3231 1113 3318 sapientia
1138 3234 1201 3296 Dei

248 3347 281 3398 et
311 3331 448 3411 bonitaS,
477 3354 552 3416 quae
580 3332 676 3395 rebus
704 3330 851 3396 omuibus
886 3331 1040 3418 originem
1069 3334 1203 3419 praebet,

250 3447 367 3501 natura
391 3432 564 3497 rectissime
589 3433 787 3521 appellatur:
826 3449 936 3499 contra
962 3459 1058 3520 quam
1090 3435 1202 3522 utique

253 3535 331 3599 nihil
357 3534 405 3610 fit,
427 3533 503 3620 quia
527 3534 763 3620 dispositionem
787 3537 849 3601 Dei
872 3537 951 3600 nihil
977 3551 1122 3615 evacuat,
1144 3528 1201 3603 aut

251 3658 362 3700 causas
377 3658 451 3721 quae
473 3635 505 3698 in
529 3650 634 3700 mente
656 3635 750 3710 illius,
769 3637 824 3723 qui
840 3637 915 3702 fecit
936 3638 1032 3702 coelos
1053 3640 1087 3702 in
1110 3639 1203 3703 intel-

252 3737 350 3814 lectu,
366 3738 407 3801 ab
421 3748 540 3801 aeterno
554 3738 850 3818 constiterunt,·suo
864 3740 969 3827 privat
985 3742 1110 3807 effectu.
1150 3743 1204 3805 In·

252 3854 329 3904 sunt
358 3837 468 3924 itaque
499 3840 606 3919 rebus,
636 3839 799 3904 seminales
827 3855 999 3908 eventuum
1028 3867 1143 3924 causae,
1172 3857 1203 3907 et

249 3939 436 4024 ‘originariae
451 3941 598 4018 rationes,
610 3963 683 4026 quae
698 3942 912 4026 praeordinato
928 3957 1068 4029 tempore
1082 3945 1115 4007 in
1131 3966 1205 4007 suos

252 4040 432 4127 'procedunt
447 4040 589 4119 effectus,
605 4066 642 4105 ex
660 4044 842 4129 ecquidem
859 4047 1029 4123 mirabiles,
1039 4069 1101 4110 non
1118 4045 1204 4130 quod

251 4142 367 4214 nullas,
385 4142 439 4206 sed
455 4143 539 4229 quod
555 4145 785 4211 occultissimas¹
797 4147 935 4212 habeant
950 4149 1096 4212 rationes.
1127 4149 1204 4208 'Hu-

255 4265 326 4307 mor
341 4244 499 4330 siquidem
515 4244 555 4308 de
568 4245 689 4310 intimis
706 4261 797 4311 terrae
808 4248 992 4324 visceribus,
1004 4249 1044 4310 ab
1056 4247 1205 4310 arborum
