3309 5309
347 665 416 710 car.
432 647 523 726 x111.]
690 661 942 708 rocrcnarrcns.
1236 648 1299 706 315

350 818 453 893 fuerit,
469 818 536 880 sive
551 839 609 900 pro
625 838 687 877 me.
733 817 818 877 Nam
846 814 873 876 si
893 813 1018 897 judices
1044 836 1102 897 pro
1118 836 1214 878 causa
1229 835 1302 878 mea

350 919 518 995 senserint,
533 918 614 979 nihil
634 918 695 980 tibi
711 938 752 979 ex
772 915 931 979 sententia
951 914 1129 992 debebitur,
1144 916 1220 1000 quia
1241 938 1300 998 ego

350 1020 474 1094 vicer03
490 1020 517 1081 si
542 1029 653 1081 contra
674 1018 922 1101 pronunciatum
945 1017 1050 1092 tuerit,
1077 1018 1158 1079 nihil
1173 1018 1232 1079 tibi
1259 1040 1302 1081 ex

346 1118 572 1203 pactodebeo‚
597 1119 763 1203 quianon
789 1119 905 1181 vicero.
952 1118 1005 1181 sic
1032 1119 1072 1180 ab
1100 1117 1303 1183 adolescente

350 1222 522 1306 discipulo,
549 1221 700 1302 magister
734 1221 924 1305 eloquentiae
959 1221 1100 1303 inclytus
1126 1242 1185 1284 suo
1210 1243 1302 1304 argu·

352 1333 459 1386 mento
475 1323 669 1401 confutatus,
684 1333 716 1386 et
732 1323 892 1406 captionis
907 1334 1049 1396 versutoe,
1066 1333 1098 1387 et
1112 1322 1302 1406 excogitata

351 1424 516 1488 frustratus
541 1425 608 1486 fuit.
653 1424 747 1486 Tunc
774 1422 912 1506 judices,
936 1432 972 1485 ut
996 1424 1135 1507 antiquae
1162 1425 1303 1488 historiae

350 1527 454 1590 verbis
491 1537 572 1601 utar,
602 1527 773 1589 dubiosum
808 1528 871 1590 hoc
902 1527 1196 1610 inexplicabileque
1231 1546 1301 1590 esse

350 1627 437 1711 quod
474 1630 632 1712 utrimque
670 1629 837 1692 dicebatur
872 1627 941 1705 rati,
969 1649 1010 1690 ne
1048 1629 1207 1691 sententia
1242 1650 1301 1692 sua

350 1740 514 1815 utramque
543 1731 576 1792 in
606 1742 729 1814 partem
767 1730 865 1807 dicta,
894 1731 964 1812 ipsa
996 1750 1066 1792 sese
1095 1730 1300 1805 rescinderet,

348 1832 559 1915 injudicatam
590 1833 797 1916 reliquerunt,
827 1852 956 1895 causam
993 1831 1027 1892 in
1060 1829 1148 1894 diem
1180 1832 1298 1911 longis-

349 1932 465 1995 simum
487 1934 688 2016 protelantes.
742 1936 773 1995 N
776 1956 813 1997 eo
840 1935 975 1996 multum
1000 1934 1093 1997 refert
1118 1934 1159 1996 ad
1184 1955 1301 2018 propo·

351 2035 457 2108 situm,
480 2035 689 2118 Pythagoras,
712 2057 751 2099 an
772 2035 974 2118 Protagoras,
992 2036 1076 2099 sicut
1098 2032 1300 2108 Quintiliano

349 2136 454 2218 placet
470 2146 503 2199 et
517 2138 599 2200 Aulo
616 2138 737 2215 Gellio,
750 2138 932 2218 litigaverit,
948 2158 1054 2221 neque
1075 2138 1160 2201 enim
1181 2139 1229 2200 vis
1252 2153 1301 2202 est

349 2237 383 2299 in
403 2239 544 2315 nomine,
559 2239 636 2303 dum
658 2249 782 2302 constet
796 2261 864 2302 rem
883 2241 1067 2322 ambiguam
1085 2240 1155 2303 sine
1176 2240 1300 2304 tomeri-

348 2350 411 2405 tate
427 2341 554 2405 diffiniri
570 2365 634 2407 non
651 2365 757 2427 posse.
795 2344 878 2407 Sunt
897 2354 1004 2407 autem
1023 2346 1131 2407 multae
1147 2346 1301 2428 captiosae

349 2443 553 2526 quaestiones,
576 2465 648 2527 quae
669 2445 767 2509 tutius
786 2445 819 2506 'et
841 2442 1052 2519 commodius,
1072 2446 1246 2528 praesertim
1266 2446 1301 2509 in

343 2543 488 2628 judiciis,
500 2543 696 2624 differuntur,
708 2567 804 2630 quam
814 2547 1041 2609 accelerentur.
1065 2547 1162 2610 Unde
1172 2557 1205 2610 et
1213 2545 1302 2630 apud

349 2645 558 2725 Dialecticos,
569 2669 670 2728 genus
680 2648 742 2712 hoc
755 2649 891 2711 Tractus
902 2647 1092 2729 appellatur,
1104 2658 1135 2710 et
1146 2669 1166 2711 a
1177 2649 1301 2714 Graecia

350 2745 466 2809 dicitnr
492 2743 624 2826 Ζῆτησις,
646 2748 714 2825 ubi,
739 2744 896 2832 quicquid
921 2767 1030 2809 verum
1051 2767 1122 2810 esse
1142 2748 1300 2828 statueris,

348 2847 463 2911 falsum
479 2849 641 2932 reperitur.
671 2851 726 2928 Et,
742 2850 769 2912 si
786 2851 974 2933 plerumque
989 2849 1024 2910 in
1039 2849 1090 2911 his
1109 2871 1166 2932 per
1180 2871 1299 2935 excep·

347 2950 468 3012 tionem
483 2950 549 3013 doli
564 2951 641 3014 mali
655 2949 756 3036 possit
773 2973 823 3014 res
838 2952 1015 3035 temperari,
1031 2962 1064 3014 et
1079 2952 1213 3037 aequitas
1227 2954 1299 3036 ipsa

341 3050 425 3134 juris
447 3052 606 3115 interdum
633 3066 730 3136 queat
755 3053 900 3133 mitigare
925 3053 1070 3134 rigorem,
1095 3054 1159 3116 nisi
1184 3076 1297 3137 urgen-

345 3150 469 3216 tissima
483 3174 585 3217 rerum
606 3156 780 3218 necessitas
800 3167 904 3237 cogat,
919 3156 951 3216 in
968 3155 1085 3219 talibus
1106 3157 1297 3220 senteutiam

348 3252 481 3336 expedit
496 3253 633 3336 differre,
648 3276 744 3338 quam
760 3255 850 3316 ferre.
896 3256 975 3318 Fere
994 3276 1013 3317 a
1031 3277 1129 3338 puero
1145 3255 1299 3335 didicisti,

347 3355 423 3437 quia
445 3356 478 3416 in
503 3357 735 3440 quaestionibus
757 3378 830 3441 quae
852 3358 973 3420 habent
995 3358 1171 3439 positiones
1193 3355 1297 3442 impli-

347 3458 437 3534 citas,
458 3466 490 3520 et
512 3479 583 3540 quae
605 3459 739 3521 latenter
759 3459 927 3521 involvunt
948 3460 1117 3536 contraria,
1138 3461 1299 3525 laboriosa

346 3559 462 3621 solutio
478 3570 537 3636 est,
551 3559 613 3621 nisi
628 3560 708 3623 forte
729 3572 759 3622 tc
780 3560 911 3642 antiquo
928 3562 1064 3623 Nestore
1080 3572 1207 3643 reputes
1222 3583 1298 3625 cau·

348 3660 469 3723 tiorem.
516 3662 567 3723 Ne
597 3661 709 3724 credas
739 3661 876 3735 somnio,
910 3661 1144 3741 Agamemnoni
1174 3662 1298 3727 dictum

347 3772 393 3827 est
404 3763 436 3824 iu
453 3762 584 3839 somnis,
594 3762 670 3826 dum
682 3764 715 3825 in
729 3762 858 3826 excidio
874 3762 979 3846 Trojae
992 3762 1121 3824 Graecia
1130 3764 1298 3830 laboraret.

348 3863 455 3946 Hujus
486 3885 615 3947 quoque
644 3866 761 3927 somnii
789 3864 1094 3947 interpretationem,
1120 3865 1193 3927 Jovi
1223 3888 1298 3953 oen·

347 3973 478 4028 suerunt
500 3966 687 4029 Graecornm
709 3965 937 4049 sapientissimi
958 3966 1190 4030 reservandam.
1236 3969 1298 4030 La·

346 4064 496 4129 borantes
519 4066 585 4129 vidi
610 4067 874 4151 quamplurimos,
894 4067 969 4130 dum
997 4068 1147 4151 quaeritur
1172 4087 1212 4129 an
1241 4069 1297 4150 qui

347 4165 439 4241 dicit,
455 4189 516 4249 ego
537 4170 684 4245 mentior,
701 4190 807 4233 verum
830 4170 926 4232 dicat.
972 4168 1037 4233 Sed
1055 4169 1215 4230 neminem
1230 4170 1297 4234 vidi

346 4269 402 4352 qui
425 4269 563 4352 Scyllam
587 4272 697 4335 vitaret
716 4281 749 4332 et
770 4269 979 4351 Charybdim,
1000 4268 1061 4331 nisi
1084 4268 1222 4333 debilem
1243 4283 1297 4336 aut
