3309 5309
352 629 419 673 cae.
437 610 487 695 v.]
710 631 967 680 POLYcRAthUS·
1275 626 1312 683 71

349 779 542 866 erupissent,
556 796 758 846 occurrentes
777 782 822 846 eis
844 783 901 869 qui
921 807 955 850 se
977 783 1116 849 hostium
1137 807 1251 851 manus
1266 788 1312 851 el·

348 880 471 964 fugisse
497 881 686 966 gauderent,
714 881 907 966 diripiebant
933 884 1089 970 quicquid
1113 885 1307 953 adtuleraut.

350 984 618 1070 Supplicantibus
629 997 734 1050 autem
747 997 778 1049 et
791 986 932 1051 terribile
944 987 1105 1072 quoddam
1120 988 1179 1053 sibi
1195 1011 1308 1053 nomen

349 1085 410 1152 Dei
426 1084 652 1150 invocantibus
675 1099 711 1150 ut
732 1085 782 1149 vel
802 1100 925 1171 partem
942 1088 1082 1174 aliquam
1098 1112 1137 1153 ex
1159 1090 1219 1165 bis,
1236 1115 1309 1176 quae

348 1211 457 1252 secum
474 1189 586 1253 mortis
602 1187 743 1274 periculo
758 1191 981 1274 quaesiverant,
997 1191 1215 1276 indulgerent,
1228 1192 1309 1256 nihil

348 1311 481 1376 prorsus
495 1292 700 1377 praebebant:
724 1292 778 1356 sed
800 1291 860 1355 hoc
876 1293 1019 1357 beneficii
1035 1294 1104 1357 loco
1120 1309 1266 1376 cesserat,
1281 1296 1307 1360 si

346 1394 613 1479 comprehensum
635 1397 746 1459 vivum
767 1393 905 1460 licuisset
926 1394 1068 1459 evadere.
1116 1396 1177 1459 His
1199 1410 1307 1461 autem

349 1507 422 1579 post
449 1492 614 1580 aliquanta
636 1494 796 1580 adjungit,
818 1495 948 1560 dicens:
986 1495 1111 1559 Judoeis
1133 1519 1207 1560 vero
1232 1521 1306 1561 cum

349 1620 479 1681 egressu
495 1598 583 1661 urbis
597 1598 700 1661 omnis
716 1596 836 1683 pariter
853 1620 924 1683 spes
939 1596 1170 1662 excludebatur
1185 1600 1308 1680 salutis,

347 1712 381 1764 et
398 1700 591 1765 invalescens
605 1700 762 1764 acerbitas
777 1698 881 1779 lamis,
892 1697 1004 1762 domos
1019 1698 1113 1763 simul
1128 1713 1159 1764 et
1175 1698 1308 1765 familias

348 1813 543 1889 gentemque
566 1803 732 1875 vastabat;
774 1805 819 1866 ita
844 1814 880 1867 ut
906 1801 939 1865 in
966 1801 1184 1887 penetralibus
1209 1815 1308 1867 strata

344 1907 488 1991 jacerent
504 1904 673 1969 mulierum
693 1904 967 1989 parvulorumque
982 1903 1147 1983 cadavera,
1163 1926 1221 1989 per
1242 1904 1309 1990 pla-

349 2022 417 2072 teas
430 2032 505 2072 vero
519 2008 692 2072 infelicium
710 2030 820 2072 senum
836 2029 980 2092 corpora,
993 2006 1077 2070 fame
1092 2007 1193 2091 magis
1208 2028 1305 2092 quam

348 2123 456 2189 aetate,
481 2124 656 2175 consumta.
709 2112 854 2175 Juvcnes
881 2132 955 2172 vcro
981 2122 1076 2194 atque
1101 2108 1203 2174 omnis
1229 2122 1308 2174 aetas

348 2212 522 2292 robustior,
537 2212 625 2276 velut
643 2212 833 2278 simulachra
855 2212 1004 2299 quaedam
1027 2211 1059 2275 in
1076 2212 1135 2275 viis
1149 2224 1182 2277 et
1203 2234 1307 2297 egres-

348 2314 439 2380 sibus
453 2315 655 2395 0berrabant,
670 2327 864 2394 corruentes,
878 2337 1070 2400 quocunque
1086 2315 1146 2379 loci
1162 2338 1305 2399 gressum

347 2414 555 2500 surripuisset
580 2415 694 2480 inedia.
741 2414 883 2502 Sepelire
907 2429 1015 2480 autem
1042 2415 1197 2479 cadavera
1222 2438 1306 2479 mor-

347 2529 479 2581 tuorum
495 2517 726 2603 proximorum,
738 2540 795 2581 nec
810 2517 1036 2581 defunctorum
1049 2517 1234 2594 multitudo,
1247 2540 1305 2581 nec

347 2618 465 2682 virium
480 2618 628 2685 debilitas
644 2620 870 2706 permittebat;
902 2618 1044 2683 simulet
1067 2641 1124 2703 per
1146 2640 1213 2682 suae
1229 2619 1304 2683 vitae
1350 2612 1360 2622 ’

347 2718 470 2785 incerta
496 2722 718 2808 unusquisque
740 2720 921 2785 verebatur.
975 2719 1125 2804 Denique
1149 2719 1303 2807 aliquanti

347 2843 447 2907 super
468 2846 533 2901 eos,
556 2847 638 2910 quos
660 2822 866 2910 sepeliebant,
884 2822 1006 2886 animas
1027 2822 1178 2896 emisere3
1209 2821 1304 2887 multi

345 2924 443 2989 etiam
459 2924 538 2989 dum
554 2938 792 3011 prosequuntur
806 2924 930 3000 funera,
943 2924 1131 3010 priusquam
1145 2925 1186 2988 ad
1197 2923 1304 3009 sepul·

346 3025 460 3091 chrum
484 3028 658 3102 veniretur,
673 3027 833 3094 efflabant.
877 3030 934 3103 Et,
958 3037 995 3092 ut
1015 3049 1073 3089 nec
1092 3025 1242 3111 planctus
1263 3049 1303 3089 ex

345 3150 434 3191 more
450 3127 612 3192 defunctis
626 3128 853 3204 exhibebatur,
869 3140 924 3191 ant
941 3127 1058 3204 luctus,
1074 3128 1226 3212 quiahoc
1243 3127 1304 3191 sibi

346 3240 449 3295 totum
477 3228 699 3293 vendicaverat
725 3229 844 3301 sames3
880 3232 924 3292 sic
950 3251 1008 3292 nec
1033 3228 1165 3294 ariditas
1191 3229 1305 3293 inediae

345 3332 512 3397 humorem
535 3331 674 3418 aliquem
701 3333 853 3418 cuiquam
880 3331 1053 3417 reliquerat
1080 3332 1302 3419 lacrymarum.

346 3435 547 3500 Obsederant
562 3435 722 3501 civitatem
741 3434 904 3522 profunda
919 3435 1051 3510 silentia,
1068 3448 1099 3500 et
1123 3458 1186 3500 nox
1209 3436 1304 3523 plena

345 3537 459 3601 mortis
487 3552 601 3603 cuncta
629 3548 822 3603 contexerat.
878 3536 1002 3613 Quibus
1032 3536 1122 3601 malis
1154 3538 1302 3604 omnibus

344 3637 508 3722 graviores
534 3637 592 3702 soli
607 3638 757 3724 vigebant
785 3636 961 3722 praedones,
983 3640 1042 3722 qui
1068 3659 1107 3700 ne
1134 3638 1303 3724 sepulchra

344 3739 476 3823 quidem
492 3737 629 3826 diripere
644 3754 674 3806 et
701 3740 836 3827 spoliare
853 3739 1010 3804 cadavera
1032 3739 1182 3805 illicitum
1205 3741 1303 3806 duce·

345 3841 436 3918 bant,
448 3864 511 3905 non
528 3855 592 3907 tam
610 3842 748 3928 praedam
765 3854 921 3927 petentes,
932 3864 1030 3928 quam
1043 3842 1146 3906 scelus
1161 3842 1304 3907 irrisione

345 3944 554 4020 cumulantes,
567 3958 599 4009 et
614 3946 712 4009 aciem
728 3944 908 4031 gladiorum
922 3967 1050 4010 suorum
1065 3945 1098 4008 in
1110 3944 1303 4009 cadaverum

345 4046 585 4137 obtruncatione
610 4048 792 4134 probantes.
840 4045 1009 4111 Interdum
1035 4047 1131 4111 etiam
1162 4046 1193 4109 in
1225 4068 1303 4109 non·

345 4145 448 4210 nullos
463 4147 569 4211 adhuc
581 4150 748 4234 spirantes
762 4170 873 4212 mucro
887 4147 1120 4211 examinandus
1135 4148 1303 4231 agebatur,

345 4246 434 4335 quod
448 4246 503 4311 alii
519 4248 687 4313 semineces
707 4271 809 4337 quum
830 4248 986 4327 viderent,
1001 4246 1160 4332 supplices
1176 4244 1305 4308 dextras
