3309 5309
209 655 280 702 car.
295 637 420 717 xxvix]
561 656 816 704 ronrcaarrcus.
1108 647 1169 705 145

209 808 254 872 tia
280 807 408 884 deserit,
435 807 518 870 fiunt
548 830 671 893 semper
701 809 870 873 novissima
894 807 979 872 illius
1008 810 1166 875 deteriora

207 908 379 996 prioribus.
427 908 589 992 Sacrilegii
604 910 706 994 igitur
721 911 914 996 Pythonissa
928 915 1055 975 conscia
1069 934 1166 997 expa-

208 1011 319 1089 vescit,
333 1023 364 1074 et
388 1022 530 1094 potestas
544 1032 564 1073 a
585 1011 724 1074 Domino
741 1015 915 1076 constituta
936 1010 976 1075 ad
1000 1012 1164 1094 sacrilegia

207 1111 372 1176 evellenda
386 1111 464 1175 alias
486 1110 615 1196 quidem
633 1111 754 1191 timida,
776 1136 876 1198 quum
899 1113 1026 1199 negotia
1041 1114 1163 1200 populi,

209 1237 283 1278 cum
307 1214 428 1277 domini
451 1214 535 1277 bella
556 1227 725 1298 geruntur,
745 1214 889 1279 idolatris
911 1229 1042 1302 praestat
1064 1215 1165 1282 auda·

209 1316 303 1395 ciam,
336 1315 534 1400 tsacrilegiis
551 1319 669 1401 regiam
692 1317 909 1382 accommodat
931 1319 1163 1409 auctoritatem.

210 1419 243 1505 A
263 1419 271 1433 '
307 1441 354 1494 os,
369 1417 475 1503 inquit
491 1417 660 1494 Dominus,
683 1430 715 1481 et
727 1440 837 1502 magos
851 1441 891 1481 ue
901 1419 1033 1504 patiaris
1044 1422 1162 1483 vivere.

164 1576 178 1609 -.-·
196 1512 257 1586 dit
273 1519 383 1585 illaad
399 1542 495 1605 quem
511 1542 613 1583 sermo
632 1519 694 1583 Dei
710 1518 871 1603 dirigitur,
887 1533 918 1584 et
941 1521 997 1606 qui
1019 1520 1163 1605 gladium

210 1633 320 1708 portat
335 1619 375 1683 ad
392 1618 563 1684 vindictam
578 1619 831 1697 malefactorum,
846 1621 1001 1684 bonorum
1017 1621 1162 1705 gloriam,

210 1745 272 1787 non
300 1720 396 1785 modo
424 1720 542 1786 talibus
571 1720 772 1785 securitatem
803 1721 871 1799 dat,
896 1720 953 1786 sed
978 1722 1164 1808 promissam

210 1848 320 1913 paoem
339 1824 515 1910 juramenti
537 1822 689 1907 religione
704 1824 880 1890 confirmat.
926 1827 971 1890 Et
994 1824 1038 1888 sic
1060 1825 1164 1890 evenit

211 1941 248 1993 nt
262 1926 295 1991 in
310 1925 439 2013 proprio
454 1924 595 2012 periculo
606 1924 718 2005 discat,
728 1949 823 2011 quam
841 1926 984 2012 perplexi
1001 1925 1063 1991 sint
1075 1926 1164 1990 nervi

208 2027 428 2092 testiculorum
442 2025 632 2102 Leviathan,
645 2046 745 2110 quum
758 2025 817 2089 sibi
830 2027 1000 2091 tetenderit
1013 2027 1163 2113 laqueum

210 2130 333 2218 proprii
344 2129 458 2215 operis,
471 2154 490 2195 a
504 2152 568 2214 quo
583 2129 649 2193 sine
664 2128 775 2193 salutis
790 2128 957 2215 dispendio
973 2151 1034 2192 non
1046 2127 1163 2194 evadit.

213 2233 255 2296 Ei
266 2233 333 2318 jam
350 2245 437 2296 arcta
449 2231 639 2316 complexio,
654 2242 686 2294 et
700 2243 853 2311 cornutus
872 2230 1004 2317 quidam
1019 2230 1162 2294 imminet

211 2333 430 2420 syllogismus:
456 2332 489 2396 Si
502 2331 702 2416 Pythonissae
716 2332 870 2417 parcitur,
883 2332 1013 2396 Domini
1026 2331 1165 2396 violatur

211 2435 394 2523 imperium,
420 2433 632 2521 praecipientis
661 2447 698 2498 ut
727 2433 880 2497 maleficia
908 2433 1092 2520 hujusmodi
1124 2433 1164 2496 de

210 2550 297 2602 terra
322 2536 509 2601 eradantur:
542 2537 569 2600 si
591 2556 654 2598 non
676 2534 830 2621 parcitur,
848 2536 1024 2619 juramenti
1049 2536 1163 2620 religio

212 2639 354 2704 vitiatur.
400 2641 600 2724 Quocunque
623 2661 655 2701 se
678 2649 781 2701 vertat
807 2635 935 2720 impius,
959 2638 1163 2722 comprehen-

211 2741 300 2807 ditur
325 2743 358 2806 in
380 2741 530 2828 operibus
553 2740 625 2804 suis.
671 2737 764 2803 Dixit
790 2758 866 2821 ergo
891 2738 1021 2802 mulier:
1057 2737 1161 2811 Quem

212 2843 371 2909 suscitabo
385 2843 468 2908 tibi?
492 2842 555 2918 Qui
569 2845 625 2918 ait,
642 2840 831 2904 Samuelem.
877 2840 1027 2904 Omnium
1044 2854 1164 2927 tempo-

210 2969 282 3010 rum
298 2968 364 3010 una
378 2959 425 3008 est
440 2942 530 3022 fides,
546 2941 651 3005 Deum
667 2965 746 3019 esse,
762 2941 962 3028 eundemque
979 2944 1116 3029 justum,
1130 2959 1162 3009 et

210 3047 343 3122 bonum,
359 3060 391 3110 et
407 3056 672 3111 remuneratorem
688 3046 882 3128 sperantium
905 3045 937 3106 in
961 3067 1004 3121 se,
1019 3046 1162 3109 omnium

208 3149 303 3235 plene
315 3146 437 3210 meritis
451 3144 706 3230 respondentem,
718 3158 791 3209 ante
806 3146 920 3230 legem,
933 3148 993 3211 sub
1008 3147 1088 3231 lege,
1102 3148 1164 3212 sub

209 3249 329 3335 gratia:
354 3246 470 3310 nemini
483 3260 605 3310 rectum
619 3246 764 3333 sapienti,
777 3246 863 3310 venit
874 3247 959 3312 istud
972 3248 1004 3312 in
1016 3248 1160 3314 dubium.

212 3352 286 3416 Sine
316 3351 377 3414 ista
403 3372 494 3412 nemo
522 3371 663 3436 uuquam
690 3350 849 3433 ingressus
874 3363 922 3414 est
947 3349 988 3414 ad
1018 3354 1160 3416 salutem.

214 3457 332 3519 Verum
359 3451 416 3538 qui
442 3467 526 3516 errat
552 3449 584 3514 in
612 3450 761 3528 minimis,
787 3450 941 3537 paulatim
971 3452 1014 3517 ad
1042 3455 1162 3538 majora

211 3554 401 3641 prolabitur.
448 3554 499 3617 Sic
520 3553 580 3618 iste
601 3556 707 3638 primo
729 3553 904 3637 negligens,
920 3552 1036 3619 deinde
1055 3555 1162 3620 inobe-

210 3656 311 3733 diens,
323 3655 527 3741 postmodum
543 3669 725 3735 contumax,
740 3655 855 3719 exinde
869 3655 1059 3733 obstinatus,
1074 3673 1161 3743 post·

211 3778 298 3819 remo
320 3757 362 3819 ad
385 3779 452 3820 eam
478 3755 646 3841 prolapsus
669 3768 717 3820 est
740 3756 927 3836 caecitatem,
941 3768 979 3820 ut
1002 3778 1059 3820 nec
1082 3779 1162 3842 prae·

211 3855 334 3920 dictum
352 3854 522 3920 articulum
537 3855 612 3918 fidei
627 3856 686 3919 sibi
702 3869 806 3922 servet
817 3856 1016 3922 incolumem.
1055 3862 1161 3924 Deum

211 3960 328 4022 etenim
352 3957 478 4042 justum
509 3979 740 4042 usquequaque
767 3979 828 4020 non
855 3958 1002 4034 credidit,
1028 3964 1162 4042 opinans

211 4058 307 4124 etiam
333 4061 366 4122 in
393 4071 517 4123 sanctos
541 4072 614 4144 post
639 4058 760 4123 exitum
788 4062 862 4124 vitae
888 4061 994 4145 hujus,
1017 4060 1161 4142 malignis

182 4213 184 4219 .
209 4161 375 4248 spiritibus
389 4183 566 4226 concessam
578 4172 778 4246 potestatem.
817 4163 959 4225 Noverat
974 4163 1056 4223 enim
1070 4181 1159 4221 sanc-

210 4277 280 4329 tum
312 4263 490 4328 Samuelem
519 4261 706 4348 Pytlronicis
735 4284 796 4325 non
823 4263 1058 4346 obtemperasse
1083 4257 1160 4320 dum

255 4385 328 4431 von.
346 4384 396 4428 111.
678 4381 698 4424 L
