3309 5309
224 648 289 694 cur.
306 633 383 712 x11.]
582 647 836 695 ronrcanrruus.
1107 637 1169 695 sla

225 823 283 884 que
324 804 457 885 gratiam
495 824 645 888 quaerere,
687 803 839 866 solemnis
879 802 925 865 illi
963 802 1169 865 consuetudo.

225 904 313 966 Inter
326 905 398 969 haec
414 901 595 990 eloquentia
610 918 642 968 et
667 905 803 986 insignis
830 903 941 980 oratio,
967 905 1123 967 acuminis
1138 913 1171 967 et

224 1007 358 1070 solertias
374 1008 479 1089 plena,
494 1018 529 1070 ut
543 1028 603 1069 nec
621 1007 744 1069 ornatui
771 1005 918 1080 facilitas,
941 1026 1001 1067 nec
1027 1005 1172 1068 facilitati

223 1106 419 1172 inventionis
440 1109 566 1172 deesset
589 1119 727 1171 ornatus.
774 1108 862 1169 Huic
883 1106 1069 1170 Alexander
1087 1107 1173 1171 filius

226 1210 392 1290 successit,
415 1222 447 1274 et
472 1211 585 1274 virtute
616 1220 648 1273 et
675 1209 761 1272 vitiis
787 1219 877 1291 patre
903 1209 1012 1293 major.
1059 1211 1175 1294 Itaque

227 1312 374 1376 vincendi
406 1314 486 1378 ratio
524 1315 648 1397 utrique
686 1312 819 1376 diversa.
866 1312 931 1374 Hic
966 1323 1083 1396 aperta,
1120 1315 1176 1376 ille

229 1411 347 1476 artibus
363 1414 449 1476 bella
468 1416 633 1478 tractabat.
679 1413 836 1495 Deceptis
857 1412 912 1474 ille
926 1413 1062 1494 gaudere
1076 1414 1177 1478 hosti·

227 1515 296 1588 bus,
319 1514 372 1578 hic
395 1516 500 1597 palam
524 1515 613 1577 fusis
658 1512 849 1576 Prudentior
873 1514 928 1576 ille
954 1515 1101 1592 consilio,
1123 1516 1175 1580 hic

229 1616 336 1680 animo
377 1617 641 1697 magnificentior.
711 1619 795 1678 Iram
841 1626 931 1699 pater
968 1614 1178 1696 dissimulare,

229 1718 416 1802 plerumque
442 1719 538 1781 etiam
569 1720 714 1782 vincere:
752 1718 805 1780 hic
833 1718 888 1780 ubi
911 1719 1093 1795 exarsisset,
1116 1743 1179 1784 nec

229 1818 337 1882 dilatio
357 1821 500 1898 ultionis,
515 1843 575 1885 nec
592 1822 705 1884 modus
725 1831 801 1882 erat.
846 1820 922 1882 Vini
937 1820 1031 1882 nimis
1045 1829 1177 1906 uterque

229 1921 351 1992 avidus,
368 1921 425 1983 sed
450 1922 612 1985 ebrietatis
631 1920 757 1984 diversa
776 1920 861 1983 vitia.
911 1919 996 1983 Patri
1019 1943 1088 1986 mos
1112 1933 1180 1987 erat

230 2023 327 2085 etiam
352 2023 392 2085 de
418 2023 567 2086 convivio
593 2025 627 2086 in
651 2023 774 2084 hostem
800 2043 996 2104 procurrere,
1011 2044 1045 2086 se
1061 2031 1178 2089 temere

231 2124 381 2206 periculis
403 2126 524 2188 offerre.
570 2123 753 2186 Alexander
776 2142 841 2184 non
865 2122 899 2183 in
924 2122 1043 2202 hostes,
1068 2123 1182 2190 sedin

232 2245 304 2288 suos
328 2225 489 2288 saeriebat.
545 2224 759 2296 Quamobrem
785 2242 872 2305 saepe
898 2221 1086 2307 Philippum
1114 2228 1181 2290 vul·

233 2337 376 2390 neretum
409 2327 521 2410 praelia
553 2327 712 2403 remisere,
741 2324 794 2387 hic
830 2324 1005 2389 amicorum
1036 2328 1182 2394 intersec-

233 2439 334 2492 tornm
363 2430 510 2492 convivio
537 2429 718 2512 frequenter
740 2427 890 2490 excessit.
936 2428 1084 2509 Regnare
1109 2453 1183 2495 cum

232 2532 341 2594 amicis
365 2532 420 2595 ille
445 2532 582 2610 volebat,
605 2530 659 2594 hic
684 2531 718 2591 in
745 2529 867 2591 amicos
892 2549 989 2609 regna
1004 2533 1184 2597 exercebat.

232 2633 341 2698 Amari
364 2644 455 2714 pater
482 2632 589 2708 malle,
612 2631 664 2693 hic
694 2629 804 2691 metui.
849 2628 1041 2692 Litterarum
1069 2633 1184 2710 cultus,

233 2738 358 2821 utrique
393 2735 514 2798 similis.
571 2734 714 2797 Solertiae
741 2741 830 2814 pater
856 2730 994 2814 majoris,
1020 2731 1073 2795 hie
1100 2732 1185 2796 fidei.

233 2840 349 2902 Verbis
374 2847 469 2920 atque
494 2836 636 2899 oratione
664 2835 846 2916 Philippus,
872 2834 925 2896 hic
948 2835 1045 2897 rebus
1078 2834 1187 2898 mode·

234 2943 341 3005 ratior.
399 2937 557 3007 Parcendi
582 2937 687 3012 rimie,
714 2937 782 2999 filio
806 2937 931 3000 animus
955 2937 1132 3020 promptior
1157 2947 1189 3000 et

236 3041 409 3104 honestior.
465 3039 652 3120 Frugalitati
681 3050 781 3122 pater,
807 3039 946 3102 luxuriae
972 3038 1057 3100 filius
1086 3039 1189 3119 magis

239 3142 367 3206 deditus
392 3154 467 3205 erat.
521 3140 646 3212 Quibus
671 3140 791 3203 artibus
816 3141 902 3202 orbis
926 3139 1049 3221 imperii
1075 3138 1187 3203 sunda-

240 3254 347 3306 menta
363 3254 453 3326 pater
462 3240 553 3324 jecit,
569 3240 675 3321 operis
690 3239 770 3302 tanti
785 3239 918 3321 gloriam
935 3237 1021 3300 lilius
1041 3260 1190 3302 consum·

239 3345 347 3409 mavit.
399 3345 460 3406 Ast
480 3344 513 3405 in
539 3363 603 3404 uno
626 3363 690 3404 non
714 3340 809 3404 morlo
834 3341 943 3423 patris,
965 3340 1023 3403 sed
1049 3343 1191 3406 omnium

239 3451 449 3531 ingenuorum
462 3442 659 3508 transcendit
670 3443 756 3517 vitia,
770 3442 857 3528 quod
868 3444 1192 3509 incontinentissimae

241 3549 301 3612 fuit
314 3545 454 3622 invidias,
467 3546 549 3608 adeo
565 3555 600 3608 ut
616 3545 711 3606 etiam
721 3544 847 3626 paterni
860 3544 1013 3626 triumphi
1029 3546 1059 3607 ei
1075 3545 1192 3608 lachri-

242 3668 309 3710 mas
334 3654 574 3728 extorquerent,
599 3663 636 3705 ac
664 3643 690 3706 si
717 3644 747 3704 ei
773 3643 871 3705 virtus
894 3654 1028 3724 patema
1051 3645 1192 3708 omnium

241 3747 450 3832 gerendonrm
487 3746 672 3830 praeriperet
709 3745 851 3825 gloriam.
911 3745 979 3806 Eos
1011 3744 1107 3810 etiam
1141 3757 1196 3810 aut

243 3849 381 3933 propriis
405 3847 552 3909 manibus
578 3845 801 3920 interficiebat,
820 3855 875 3907 aut
895 3845 964 3927 rapi
985 3847 1196 3931 praecipiebat

243 3952 283 4015 ad
299 3970 440 4034 poenam,
467 3948 523 4032 qui
546 3957 688 4028 paternae
712 3948 836 4010 virtutis
859 3949 1021 4028 praeconia
1044 3949 1197 4032 praedica-

247 4054 332 4116 bant.
392 4052 435 4113 At
474 4048 672 4132 Pythagoras
713 4050 799 4132 apud
843 4047 1059 4133 Philosophus
1104 4061 1198 4111 tantae

245 4155 352 4218 extitit
374 4152 582 4229 auctoritatis,
604 4164 640 4216 ut
656 4152 696 4214 ad
713 4152 856 4215 omnium
880 4151 1091 4234 quaestionum
1114 4149 1199 4211 deci·

243 4257 364 4318 sionem
392 4256 560 4324 sufficeret,
576 4254 604 4314 si
628 4254 660 4314 in
676 4265 765 4333 parte
793 4251 971 4314 crederetur
997 4248 1197 4330 Pythagoras
