3309 5309
359 668 399 726 88
616 679 751 724 maurus
767 676 1042 724 sanessuaransrs
1178 659 1262 738 [am.
1279 678 1315 722 11.

362 831 451 916 signa
466 831 649 916 frequenter
667 831 788 908 eadem,
804 832 835 895 in
852 854 889 894 eo
905 830 954 894 vel
975 833 1112 894 maxime
1127 851 1179 892 ars
1194 830 1316 914 conjec-

362 933 439 997 toris
454 945 596 1019 apparet,
611 934 637 996 si
653 934 714 998 suh
728 933 896 997 identitate
911 932 1086 1017 signorum,
1097 930 1315 996 diversitatem

361 1057 466 1098 rerum
495 1046 590 1099 cauta
619 1034 807 1099 discretione
836 1034 1018 1118 distinguit.
1071 1035 1154 1098 Haec
1183 1032 1314 1119 quidem

360 1135 519 1218 generalia
534 1150 617 1199 sunt.
656 1140 738 1210 Quae
755 1159 828 1199 vero
844 1150 918 1199 sunt
934 1135 1082 1222 specialia
1102 1134 1314 1219 singulorum,

361 1236 457 1301 latius
472 1247 591 1323 patent.
638 1239 709 1301 Non
730 1251 835 1303 tamen
857 1236 1114 1324 praetereundum
1136 1249 1195 1317 est,
1210 1235 1315 1320 signo-
1346 1304 1356 1325 ⁸

363 1359 432 1400 rum
462 1338 537 1418 vim,
563 1361 622 1424 pro
648 1338 801 1423 qualitate
832 1361 1048 1425 personarum,
1074 1338 1236 1402 saeviorem
1263 1346 1339 1401 aut'

361 1439 517 1504 mitiorem
538 1465 614 1506 esse.
661 1442 807 1506 Pecuniae
828 1441 985 1527 siquidem
1009 1441 1228 1518 contrectatio,
1243 1439 1314 1504 aliis

359 1540 480 1619 laetum,
497 1543 626 1607 tristem
639 1543 709 1609 aliis
730 1558 880 1609 eventum
903 1544 1083 1608 denunciat.
1122 1544 1174 1606 Sic
1189 1566 1229 1608 ex
1251 1565 1312 1606 nou

357 1644 585 1729 apparentibus
602 1646 706 1710 causis
720 1646 849 1731 inopina
866 1647 994 1710 Veneris
1016 1645 1186 1732 praeseutia
1201 1643 1314 1707 arnari-

358 1745 501 1810 tudinem
531 1747 669 1814 fortunae
698 1749 898 1834 frequentius
927 1747 1052 1832 ingerit.
1108 1748 1202 1814 Unde
1230 1745 1311 1810 illud

358 1848 554 1935 Hypsipyles
571 1850 798 1914 Archemorum
815 1850 955 1936 lugentis
970 1853 1146 1914 extinctum

602 1976 743 2046 Nunquam
754 1979 858 2049 impune
869 1995 916 2048 per
927 1977 1031 2029 umbras

463 2063 591 2114 Attonitae
602 2063 665 2114 mihi
677 2065 733 2115 visa
744 2064 846 2118 Venus.

360 2171 393 2236 Si
404 2173 486 2237 enim
499 2197 538 2237 ex
549 2175 689 2260 reliquiis
698 2174 939 2259 cogitationum,
948 2188 1004 2240 aut
1018 2176 1142 2241 Cereris
1156 2174 1310 2239 Bacchiae

357 2276 494 2341 stimulis
515 2277 647 2341 incitata
670 2277 779 2343 Venus
798 2291 955 2356 occurrat,
971 2278 1197 2343 insomniorum
1224 2279 1310 2342 vani-

357 2380 416 2441 tati
428 2377 543 2441 rectius
554 2378 778 2465 applicabitur,
788 2402 862 2465 quae
873 2379 978 2444 omnia
990 2381 1206 2466 conjectorum
1218 2378 1311 2444 disci·

357 2478 454 2565 plina,
468 2483 558 2566 quasi
574 2502 655 2543 vana
670 2480 854 2562 contemnit,
863 2481 961 2566 juxta
976 2481 1056 2545 illud
1073 2481 1132 2545 viri
1149 2481 1308 2568 sapientis,

460 2589 566 2642 Somnia
576 2608 610 2642 ue
622 2608 703 2656 cures,
715 2608 775 2643 nam
788 2608 861 2643 meus
872 2592 995 2655 humana,
1007 2591 1075 2660 quod
1087 2596 1168 2662 optat,

460 2675 532 2727 Dum
543 2674 643 2742 vigilat,
656 2681 752 2747 sperat,
764 2692 808 2746 per
820 2692 939 2728 somnum
950 2677 1032 2728 cernit
1044 2676 1176 2747 idipsum.

358 2769 522 2834 Interdum
547 2784 652 2836 tamen
679 2786 710 2837 et
734 2794 790 2857 per
813 2772 984 2836 antithesin
1010 2794 1126 2848 rerum,
1148 2773 1311 2858 sequenda

358 2884 434 2936 sunt
458 2872 601 2935 veritatis
623 2873 768 2958 vestigia,
785 2873 866 2936 sicut
890 2894 989 2957 quum
1015 2873 1137 2957 Magno
1159 2875 1312 2960 Pompeio

354 2974 447 3037 ruina
461 2973 650 3050 immineret,
662 2974 819 3039 contraria
835 2975 911 3037 visis
927 2974 1097 3039 vaticinata
1111 2977 1216 3060 quies,
1228 2974 1306 3039 laeti·

353 3075 493 3163 tiamque
505 3077 602 3153 urbis,
615 3076 725 3163 populi
741 3076 948 3161 tripudiantis
959 3076 1128 3161 praeconia,
1142 3076 1304 3162 plausum·

352 3202 415 3264 que
441 3179 556 3244 theatri
579 3180 638 3257 sni,
660 3179 748 3265 quasi
772 3201 806 3241 re
829 3178 929 3242 totius
955 3178 1079 3263 imperii
1102 3178 1183 3242 bene
1204 3191 1305 3264 gesta,

352 3282 482 3345 fortuna
495 3281 629 3366 perituri
651 3282 743 3345 ducis
758 3280 858 3344 oculis
873 3280 1047 3364 ingerebat.
1093 3281 1159 3343 Res
1174 3302 1306 3366 quoque

354 3403 428 3466 quae
444 3384 548 3468 turpis
564 3395 596 3447 et
611 3384 757 3449 obscaena
772 3397 819 3448 est
834 3384 866 3446 in
884 3381 1062 3468 superficie,
1076 3381 1308 3446 honestissimae

357 3480 502 3546 veritatis
517 3482 709 3568 quandoque
732 3485 941 3549 substantiam
958 3483 1047 3566 tegit.
1093 3485 1130 3548 C.
1148 3484 1257 3548 Caesar
1277 3485 1310 3550 in

354 3583 468 3647 minori
483 3595 577 3647 aetate
593 3583 624 3645 in
641 3585 757 3648 somnis
771 3584 831 3648 sibi
852 3587 939 3649 visus
953 3598 1000 3648 est
1022 3585 1133 3649 matris
1154 3588 1308 3650 incestare

352 3681 510 3758 cubicula,
518 3697 549 3749 et
560 3683 759 3770 turpitudine
771 3685 893 3773 soporis
904 3687 1069 3763 attonitus,
1078 3708 1179 3771 quum
1189 3709 1256 3752 rem
1265 3687 1307 3752 ad

351 3783 590 3850 mathematicos
603 3787 771 3864 retulisset,
785 3789 964 3852 universam
980 3800 1097 3851 terrani
1109 3786 1225 3854 ditioni
1237 3789 1306 3874 ejus

349 3885 577 3972 subjiciendam
604 3889 846 3973 responderunt.
893 3887 945 3954 Sic
971 3888 1080 3974 itaque
1106 3891 1302 3973 magnanimi

348 3989 408 4053 viri
423 4010 505 4076 spes,
520 3988 560 4052 ad
576 3989 797 4075 occupandum
812 3990 980 4076 imperium
997 4003 1101 4054 erecta
1115 4003 1176 4054 est.
1205 3991 1306 4055 Deni-

347 4113 410 4174 que
429 4089 469 4154 ad
493 4088 626 4174 speciem
647 4088 722 4152 facti
747 4089 818 4175 quis
833 4089 916 4153 Uria
932 4089 1072 4176 justior?
1101 4089 1173 4176 quis
1193 4091 1302 4156 David

345 4193 476 4279 nequior
501 4203 557 4256 aut
583 4190 762 4254 crudelior?
793 4214 886 4277 quem
914 4191 1008 4256 decor
1038 4192 1230 4256 Bethsabeae
1258 4193 1299 4256 ad

343 4293 567 4376 proditionem,
596 4289 815 4370 homicidium,
844 4303 875 4355 et
910 4289 1104 4354 adulterium
1139 4289 1299 4356 invitavit.
