3309 5309
344 653 407 712 216
611 666 745 711 rotinus
762 665 1037 711 sanasanmaasrs
1146 652 1231 726 [ma.
1249 669 1300 713 ιιι·

348 816 403 878 bat
420 814 520 890 virile,
537 815 596 878 nisi
621 839 734 880 nomen
759 814 894 901 imperii.
939 815 987 879 Ut
1012 828 1116 880 tamen
1142 816 1302 900 ignaviam

351 913 474 990 mentis,
486 929 519 981 et
530 917 675 980 inertiam
688 916 840 1003 corporis,
852 916 913 980 sub
928 929 1088 1000 praetextu
1104 918 1303 1003 principatus

349 1016 519 1095 occuleret,
541 1016 686 1101 quotidie
713 1017 773 1081 sibi
799 1028 955 1080 secretum
983 1016 1134 1080 horarum
1160 1017 1302 1103 spacium

350 1117 551 1194 vendicabat,
573 1139 631 1180 nec
657 1117 829 1203 quicquam
856 1115 1016 1181 interdum
1042 1116 1146 1180 iacere
1171 1139 1301 1181 consue·

351 1228 450 1294 verat,
464 1214 524 1279 nisi
539 1227 666 1299 captare
686 1237 820 1291 muscas,
837 1227 869 1278 et
893 1213 1018 1278 easdem
1044 1214 1117 1278 stilo
1141 1229 1303 1301 praeacuto

350 1317 529 1402 configere;
557 1330 594 1381 ut
609 1315 735 1381 cuidam
751 1315 971 1398 interroganti,
988 1317 1101 1401 nequis
1120 1315 1207 1382 intus
1222 1331 1301 1397 esset

350 1441 422 1482 cunr
436 1422 572 1495 Caesare,
583 1440 644 1481 non
657 1418 794 1481 absurde
806 1417 866 1481 sibi
880 1439 1063 1502 responsum
1074 1418 1113 1481 sit
1123 1441 1143 1481 a
1154 1419 1300 1484 Metello:

352 1522 419 1583 Nec
434 1544 542 1585 musca
559 1519 700 1605 quidem.
746 1517 840 1596 Quod
864 1519 937 1583 licet
959 1518 1147 1604 impiissimo
1167 1522 1303 1608 principi

351 1622 537 1699 innotuerit,
563 1621 761 1686 dissimulare
787 1620 912 1697 maluit,
939 1643 1037 1706 quam
1069 1621 1191 1707 punire.
1242 1625 1302 1688 Sed

353 1747 409 1788 cur
419 1723 580 1810 patientiae
592 1722 738 1808 exempla
749 1744 904 1807 propono,
914 1743 1013 1806 quum
1025 1723 1173 1788 omnibus
1185 1723 1305 1811 liqueat

352 1825 430 1888 nihil
456 1826 583 1890 firmum
611 1848 676 1887 esse
702 1838 734 1887 et
761 1823 885 1903 stabile,
906 1823 994 1910 quod
1019 1824 1079 1888 levi
1106 1823 1203 1891 flatus
1229 1851 1305 1892 aura

351 1928 555 1990 concutitur?
586 1925 665 2002 Quis
682 1925 784 1987 virum
806 1923 920 1988 fortem
945 1924 1065 2002 credat,
1080 1946 1175 2010 quem
1193 1930 1306 1992 verbo·

351 2050 423 2090 rum
440 2038 544 2090 movet
559 2025 725 2109 impulsus,
740 2039 771 2089 et
789 2026 817 2088 ei
842 2028 981 2110 quietem
1004 2027 1138 2106 excutit,
1154 2041 1188 2092 et
1203 2031 1303 2092 virtu-

351 2140 419 2190 tum
436 2149 587 2213 compage
602 2126 743 2209 dirupta,
755 2126 856 2210 ipsius
870 2125 984 2190 animae
997 2128 1182 2211 sanguinem
1195 2129 1302 2194 elicit?

353 2227 449 2291 Unde
475 2241 507 2290 et
532 2225 659 2311 publico
679 2226 754 2310 jure
780 2238 933 2290 statutum
961 2242 1019 2304 est,
1047 2250 1086 2292 ne
1113 2251 1173 2314 pro
1200 2232 1302 2296 verbis

351 2327 481 2401 frivolis,
497 2326 665 2411 quisquam
682 2325 848 2389 severitate
865 2350 1029 2413 poenarum
1045 2329 1201 2396 inuratur.
1245 2333 1302 2396 Ait

351 2429 434 2491 enim
468 2432 658 2512 Imperator,
688 2426 848 2491 Divorum
886 2429 1069 2509 Theodosii,
1099 2431 1244 2512 Arcadii,
1271 2446 1302 2497 et

352 2528 486 2591 Honorii
499 2540 619 2591 statuta
631 2528 818 2591 confirmans
830 2554 837 2592 ε
863 2530 894 2592 Si
909 2532 982 2614 quis
994 2530 1157 2596 modestiae
1169 2533 1302 2612 nescius,

351 2644 382 2694 et
406 2629 538 2715 pudoris
560 2628 700 2713 ignarus,
715 2630 862 2716 improbo
885 2632 1108 2718 petulantique
1126 2633 1303 2712 maledicto,

351 2732 478 2795 nomina
503 2744 612 2795 nostra
637 2731 805 2796 crediderit
837 2733 1027 2814 lacessenda,
1052 2757 1088 2797 ac
1118 2735 1302 2801 temulentia

352 2833 557 2900 turbulentus
570 2834 763 2898 obtrectator
780 2846 959 2919 temporum
980 2835 1089 2912 fuerit,
1105 2859 1178 2901 eum
1202 2861 1302 2924 poenae

351 2935 497 2999 nolumus
532 2934 707 3020 subjugari,
743 2957 846 3020 neque
883 2936 1001 3000 durum
1037 2937 1171 3024 aliquid,
1201 2961 1301 3025 neque

350 3059 495 3122 asperum
513 3035 687 3099 sustinere:
719 3036 869 3121 quoniam
886 3038 912 3102 si
927 3061 967 3101 ex
991 3038 1119 3104 levitate
1141 3042 1300 3126 processit,

349 3137 615 3202 contemnendum
632 3150 699 3210 est3
724 3137 749 3200 si
765 3139 805 3202 ab
820 3139 952 3213 insania,
970 3141 1170 3206 miseratione
1186 3142 1300 3228 dignis·

349 3240 475 3315 simum,
500 3239 527 3300 si
550 3261 589 3301 ex
611 3237 741 3322 injuria,
763 3239 1002 3306 remittendum.
1048 3241 1146 3305 Unde
1169 3242 1297 3326 integris

351 3339 499 3402 omnibus
523 3339 582 3401 hoc
604 3338 643 3401 ad
669 3350 807 3401 nostram
831 3337 992 3403 scientiam
1016 3343 1181 3418 reseratur,
1203 3355 1240 3405 ut
1262 3364 1300 3404 ex

351 3438 494 3523 personis
510 3437 672 3500 hominum
689 3437 775 3502 dicta
797 3460 974 3523 pensemus,
990 3453 1021 3502 et
1044 3452 1153 3503 utrum
1178 3454 1301 3527 praeter-

351 3539 448 3614 mitti,
474 3560 513 3600 an
544 3542 672 3624 exquiri
701 3539 838 3605 debeant
865 3561 1057 3604 censeamus.
1103 3543 1159 3606 Ex
1185 3542 1300 3627 quibus

289 3650 295 3658 ‘
352 3637 523 3720 colligitur,
539 3639 633 3704 dictis
649 3639 813 3703 hominum
837 3661 899 3703 non
923 3645 1045 3707 moveri
1068 3665 1155 3723 eum,
1171 3644 1227 3727 qui
1248 3656 1300 3707 aut

352 3740 482 3804 virtutis
511 3754 634 3804 amator
663 3753 721 3820 est,
747 3754 803 3805 aut
829 3741 914 3826 juris
941 3741 1158 3808 constitutioni
1185 3745 1302 3809 obtem·

353 3863 477 3926 perans.

458 3959 545 4010 Omne
558 3957 629 4010 vafer
641 3961 730 4011 vitium
742 3961 842 4014 ridendi
855 3961 967 4016 Flaccus
978 3964 1061 4016 amico

456 4044 565 4110 Tangit,
578 4049 605 4094 et
616 4043 743 4096 admissus
755 4047 849 4099 circum
861 4049 1001 4119 praecordia
1013 4047 1087 4102 ludit

352 4149 520 4215 Familiare
546 4147 703 4231 siquidem
736 4151 870 4235 sapienti
901 4166 959 4232 est,
987 4166 1023 4217 ut
1054 4176 1172 4240 magno
1202 4155 1299 4240 placet

351 4253 548 4338 Augustino,
565 4249 670 4333 potius
690 4275 708 4314 a
732 4253 876 4339 quolibet
900 4254 1105 4340 reprehendi,
1121 4280 1218 4342 quam
1241 4256 1302 4321 sive
