<?xml version="1.0" encoding="UTF-8"?>
<!DOCTYPE html PUBLIC "-//W3C//DTD XHTML 1.0 Transitional//EN"
    "http://www.w3.org/TR/xhtml1/DTD/xhtml1-transitional.dtd">
<html xmlns="http://www.w3.org/1999/xhtml" xml:lang="en" lang="en">
 <head>
  <title>
</title>
<meta http-equiv="Content-Type" content="text/html;charset=utf-8" />
  <meta name='ocr-system' content='tesseract 3.04.00' />
  <meta name='ocr-capabilities' content='ocr_page ocr_carea ocr_par ocr_line ocrx_word'/>
</head>
<body>
  <div class='ocr_page' id='page_1' title='image "./joannissaresber04johngoog_0351.png"; bbox 0 0 3309 5309; ppageno 0'>
   <div class='ocr_carea' id='block_1_1' title="bbox 344 613 1296 693">
    <p class='ocr_par' dir='ltr' id='par_1_1' title="bbox 344 613 1296 693">
     <span class='ocr_line' id='line_1_1' title="bbox 344 613 1296 693; baseline 0.012 -18"><span class='ocrx_word' id='word_1_1' title='bbox 344 631 415 676; x_wconf 77' lang='lat' dir='ltr'><strong>ore.</strong></span> <span class='ocrx_word' id='word_1_2' title='bbox 430 613 529 693; x_wconf 89' lang='lat' dir='ltr'>xv11.]</span> <span class='ocrx_word' id='word_1_3' title='bbox 692 635 946 682; x_wconf 78' lang='lat' dir='ltr'><strong>rorronamcus.</strong></span> <span class='ocrx_word' id='word_1_4' title='bbox 1232 625 1296 686; x_wconf 79' lang='lat'><strong>385</strong></span> 
     </span>
    </p>
   </div>
   <div class='ocr_carea' id='block_1_2' title="bbox 344 784 1299 1482">
    <p class='ocr_par' dir='ltr' id='par_1_2' title="bbox 344 784 1299 1482">
     <span class='ocr_line' id='line_1_2' title="bbox 345 784 1296 874; baseline 0.007 -26"><span class='ocrx_word' id='word_1_5' title='bbox 345 784 536 868; x_wconf 87' lang='lat' dir='ltr'><strong>adjungens,</strong></span> <span class='ocrx_word' id='word_1_6' title='bbox 553 806 646 850; x_wconf 86' lang='lat' dir='ltr'><strong>crura</strong></span> <span class='ocrx_word' id='word_1_7' title='bbox 665 786 737 870; x_wconf 88' lang='lat' dir='ltr'><strong>ejus</strong></span> <span class='ocrx_word' id='word_1_8' title='bbox 752 797 785 851; x_wconf 88' lang='lat' dir='ltr'><strong>et</strong></span> <span class='ocrx_word' id='word_1_9' title='bbox 799 809 926 866; x_wconf 84' lang='lat' dir='ltr'><strong>manus,</strong></span> <span class='ocrx_word' id='word_1_10' title='bbox 939 810 1041 872; x_wconf 85' lang='lat' dir='ltr'>prope</span> <span class='ocrx_word' id='word_1_11' title='bbox 1051 789 1122 874; x_wconf 88' lang='lat' dir='ltr'><strong>jam</strong></span> <span class='ocrx_word' id='word_1_12' title='bbox 1136 800 1224 856; x_wconf 91' lang='lat' dir='ltr'><strong>metu</strong></span> <span class='ocrx_word' id='word_1_13' title='bbox 1238 812 1296 856; x_wconf 88' lang='lat' dir='ltr'><strong>ex·</strong></span> 
     </span>
     <span class='ocr_line' id='line_1_3' title="bbox 345 885 1298 973; baseline 0.006 -23"><span class='ocrx_word' id='word_1_14' title='bbox 345 885 601 970; x_wconf 88' lang='lat' dir='ltr'><strong>animati,lingua</strong></span> <span class='ocrx_word' id='word_1_15' title='bbox 609 888 723 952; x_wconf 90' lang='lat' dir='ltr'><strong>leniter</strong></span> <span class='ocrx_word' id='word_1_16' title='bbox 733 889 894 964; x_wconf 76' lang='lat' dir='ltr'><strong>demrdsit,</strong></span> <span class='ocrx_word' id='word_1_17' title='bbox 903 911 1003 973; x_wconf 92' lang='lat' dir='ltr'><strong>quum</strong></span> <span class='ocrx_word' id='word_1_18' title='bbox 1012 892 1109 954; x_wconf 93' lang='lat' dir='ltr'><strong>homo</strong></span> <span class='ocrx_word' id='word_1_19' title='bbox 1117 893 1199 956; x_wconf 91' lang='lat' dir='ltr'><strong>inter</strong></span> <span class='ocrx_word' id='word_1_20' title='bbox 1207 893 1298 956; x_wconf 89' lang='lat' dir='ltr'><strong>illata</strong></span> 
     </span>
     <span class='ocr_line' id='line_1_4' title="bbox 345 990 1297 1067; baseline 0.004 -14"><span class='ocrx_word' id='word_1_21' title='bbox 345 990 463 1054; x_wconf 89' lang='lat' dir='ltr'><strong>atrocis</strong></span> <span class='ocrx_word' id='word_1_22' title='bbox 491 990 564 1054; x_wconf 85' lang='lat' dir='ltr'><strong>ferae</strong></span> <span class='ocrx_word' id='word_1_23' title='bbox 595 990 826 1067; x_wconf 87' lang='lat' dir='ltr'><strong>blandimenta,</strong></span> <span class='ocrx_word' id='word_1_24' title='bbox 853 993 1006 1055; x_wconf 90' lang='lat' dir='ltr'><strong>amissum</strong></span> <span class='ocrx_word' id='word_1_25' title='bbox 1036 994 1177 1056; x_wconf 87' lang='lat' dir='ltr'><strong>animum</strong></span> <span class='ocrx_word' id='word_1_26' title='bbox 1206 1016 1297 1058; x_wconf 90' lang='lat' dir='ltr'><strong>recu·</strong></span> 
     </span>
     <span class='ocr_line' id='line_1_5' title="bbox 344 1092 1299 1177; baseline 0.003 -23"><span class='ocrx_word' id='word_1_27' title='bbox 344 1113 455 1177; x_wconf 83' lang='lat' dir='ltr'><strong>perere</strong></span> <span class='ocrx_word' id='word_1_28' title='bbox 470 1101 590 1174; x_wconf 90' lang='lat' dir='ltr'><strong>posset,</strong></span> <span class='ocrx_word' id='word_1_29' title='bbox 604 1102 636 1156; x_wconf 87' lang='lat' dir='ltr'><strong>et</strong></span> <span class='ocrx_word' id='word_1_30' title='bbox 651 1092 707 1155; x_wconf 86' lang='lat' dir='ltr'><strong>vix</strong></span> <span class='ocrx_word' id='word_1_31' title='bbox 721 1093 873 1175; x_wconf 82' lang='lat' dir='ltr'><strong>paulatim</strong></span> <span class='ocrx_word' id='word_1_32' title='bbox 889 1094 1000 1156; x_wconf 87' lang='lat' dir='ltr'><strong>oculos</strong></span> <span class='ocrx_word' id='word_1_33' title='bbox 1015 1094 1057 1158; x_wconf 91' lang='lat' dir='ltr'><strong>ad</strong></span> <span class='ocrx_word' id='word_1_34' title='bbox 1079 1094 1299 1157; x_wconf 87' lang='lat' dir='ltr'><strong>contuendum</strong></span> 
     </span>
     <span class='ocr_line' id='line_1_6' title="bbox 344 1193 1298 1278; baseline 0.002 -22"><span class='ocrx_word' id='word_1_35' title='bbox 344 1195 471 1256; x_wconf 89' lang='lat' dir='ltr'><strong>leonem</strong></span> <span class='ocrx_word' id='word_1_36' title='bbox 486 1194 616 1275; x_wconf 86' lang='lat' dir='ltr'><strong>aperire.</strong></span> <span class='ocrx_word' id='word_1_37' title='bbox 654 1194 729 1256; x_wconf 89' lang='lat' dir='ltr'><strong>Hoc</strong></span> <span class='ocrx_word' id='word_1_38' title='bbox 741 1214 775 1256; x_wconf 92' lang='lat' dir='ltr'><strong>se</strong></span> <span class='ocrx_word' id='word_1_39' title='bbox 790 1193 898 1277; x_wconf 85' lang='lat' dir='ltr'>Apion</span> <span class='ocrx_word' id='word_1_40' title='bbox 913 1195 947 1258; x_wconf 94' lang='lat' dir='ltr'><strong>in</strong></span> <span class='ocrx_word' id='word_1_41' title='bbox 958 1195 1089 1258; x_wconf 89' lang='lat' dir='ltr'><strong>urbanis</strong></span> <span class='ocrx_word' id='word_1_42' title='bbox 1105 1195 1298 1278; x_wconf 77' lang='lat' dir='ltr'><strong>spectaculis</strong></span> 
     </span>
     <span class='ocr_line' id='line_1_7' title="bbox 346 1293 1299 1380; baseline 0.003 -24"><span class='ocrx_word' id='word_1_43' title='bbox 346 1294 460 1357; x_wconf 86' lang='lat' dir='ltr'><strong>Romae</strong></span> <span class='ocrx_word' id='word_1_44' title='bbox 475 1293 593 1358; x_wconf 84' lang='lat' dir='ltr'><strong>vidisse</strong></span> <span class='ocrx_word' id='word_1_45' title='bbox 607 1295 713 1373; x_wconf 86' lang='lat' dir='ltr'>refert,</span> <span class='ocrx_word' id='word_1_46' title='bbox 727 1295 886 1379; x_wconf 81' lang='lat' dir='ltr'><strong>adjiciens</strong></span> <span class='ocrx_word' id='word_1_47' title='bbox 909 1296 987 1380; x_wconf 91' lang='lat' dir='ltr'><strong>quia</strong></span> <span class='ocrx_word' id='word_1_48' title='bbox 1002 1306 1079 1360; x_wconf 90' lang='lat' dir='ltr'><strong>tunc</strong></span> <span class='ocrx_word' id='word_1_49' title='bbox 1104 1298 1189 1361; x_wconf 89' lang='lat' dir='ltr'><strong>facta</strong></span> <span class='ocrx_word' id='word_1_50' title='bbox 1207 1297 1299 1380; x_wconf 82' lang='lat' dir='ltr'>quasi</span> 
     </span>
     <span class='ocr_line' id='line_1_8' title="bbox 347 1395 1298 1482; baseline 0.004 -24"><span class='ocrx_word' id='word_1_51' title='bbox 347 1395 565 1476; x_wconf 82' lang='lat' dir='ltr'><strong>recognitione</strong></span> <span class='ocrx_word' id='word_1_52' title='bbox 586 1405 708 1473; x_wconf 86' lang='lat' dir='ltr'><strong>mutua,</strong></span> <span class='ocrx_word' id='word_1_53' title='bbox 722 1398 826 1476; x_wconf 83' lang='lat' dir='ltr'><strong>laetos,</strong></span> <span class='ocrx_word' id='word_1_54' title='bbox 839 1398 956 1482; x_wconf 89' lang='lat' dir='ltr'><strong>iuquit,</strong></span> <span class='ocrx_word' id='word_1_55' title='bbox 972 1397 1096 1462; x_wconf 89' lang='lat' dir='ltr'><strong>videres</strong></span> <span class='ocrx_word' id='word_1_56' title='bbox 1115 1409 1149 1461; x_wconf 90' lang='lat' dir='ltr'><strong>et</strong></span> <span class='ocrx_word' id='word_1_57' title='bbox 1163 1399 1298 1479; x_wconf 84' lang='lat' dir='ltr'><strong>gratula-</strong></span> 
     </span>
    </p>
   </div>
   <div class='ocr_carea' id='block_1_3' title="bbox 347 1494 1310 4298">
    <p class='ocr_par' dir='ltr' id='par_1_3' title="bbox 347 1494 1310 4298">
     <span class='ocr_line' id='line_1_9' title="bbox 347 1494 1300 1574; baseline 0.003 -16"><span class='ocrx_word' id='word_1_58' title='bbox 347 1494 477 1559; x_wconf 88' lang='lat' dir='ltr'><strong>bundos</strong></span> <span class='ocrx_word' id='word_1_59' title='bbox 491 1497 619 1559; x_wconf 91' lang='lat' dir='ltr'><strong>leonem</strong></span> <span class='ocrx_word' id='word_1_60' title='bbox 629 1506 662 1560; x_wconf 90' lang='lat' dir='ltr'><strong>et</strong></span> <span class='ocrx_word' id='word_1_61' title='bbox 676 1497 851 1560; x_wconf 86' lang='lat' dir='ltr'><strong>hominem.</strong></span> <span class='ocrx_word' id='word_1_62' title='bbox 888 1499 934 1561; x_wconf 90' lang='lat' dir='ltr'><strong>Et</strong></span> <span class='ocrx_word' id='word_1_63' title='bbox 945 1499 1028 1562; x_wconf 90' lang='lat' dir='ltr'><strong>hanc</strong></span> <span class='ocrx_word' id='word_1_64' title='bbox 1044 1500 1085 1562; x_wconf 94' lang='lat' dir='ltr'><strong>ob</strong></span> <span class='ocrx_word' id='word_1_65' title='bbox 1097 1520 1177 1574; x_wconf 90' lang='lat' dir='ltr'><strong>rem,</strong></span> <span class='ocrx_word' id='word_1_66' title='bbox 1190 1509 1222 1562; x_wconf 90' lang='lat' dir='ltr'><strong>et</strong></span> <span class='ocrx_word' id='word_1_67' title='bbox 1234 1500 1300 1562; x_wconf 90' lang='lat' dir='ltr'><strong>cla-</strong></span> 
     </span>
     <span class='ocr_line' id='line_1_10' title="bbox 347 1598 1299 1681; baseline 0.001 -20"><span class='ocrx_word' id='word_1_68' title='bbox 347 1618 452 1661; x_wconf 89' lang='lat' dir='ltr'><strong>mores</strong></span> <span class='ocrx_word' id='word_1_69' title='bbox 464 1598 577 1681; x_wconf 89' lang='lat' dir='ltr'><strong>populi</strong></span> <span class='ocrx_word' id='word_1_70' title='bbox 590 1599 760 1676; x_wconf 85' lang='lat' dir='ltr'><strong>maximos,</strong></span> <span class='ocrx_word' id='word_1_71' title='bbox 771 1599 946 1662; x_wconf 88' lang='lat' dir='ltr'><strong>accersitus</strong></span> <span class='ocrx_word' id='word_1_72' title='bbox 961 1611 1009 1663; x_wconf 87' lang='lat' dir='ltr'><strong>est</strong></span> <span class='ocrx_word' id='word_1_73' title='bbox 1020 1601 1117 1664; x_wconf 92' lang='lat' dir='ltr'><strong>homo</strong></span> <span class='ocrx_word' id='word_1_74' title='bbox 1129 1622 1148 1664; x_wconf 87' lang='lat' dir='ltr'><strong>a</strong></span> <span class='ocrx_word' id='word_1_75' title='bbox 1160 1600 1299 1678; x_wconf 84' lang='lat' dir='ltr'><strong>Caesare,</strong></span> 
     </span>
     <span class='ocr_line' id='line_1_11' title="bbox 348 1698 1301 1784; baseline 0 -22"><span class='ocrx_word' id='word_1_76' title='bbox 348 1709 381 1762; x_wconf 91' lang='lat' dir='ltr'><strong>et</strong></span> <span class='ocrx_word' id='word_1_77' title='bbox 396 1720 491 1782; x_wconf 89' lang='lat' dir='ltr'><strong>quare</strong></span> <span class='ocrx_word' id='word_1_78' title='bbox 505 1698 552 1762; x_wconf 94' lang='lat' dir='ltr'><strong>illi</strong></span> <span class='ocrx_word' id='word_1_79' title='bbox 565 1700 621 1762; x_wconf 90' lang='lat' dir='ltr'><strong>uni</strong></span> <span class='ocrx_word' id='word_1_80' title='bbox 632 1699 853 1763; x_wconf 88' lang='lat' dir='ltr'><strong>atrocissimus</strong></span> <span class='ocrx_word' id='word_1_81' title='bbox 864 1702 916 1763; x_wconf 88' lang='lat' dir='ltr'><strong>leo</strong></span> <span class='ocrx_word' id='word_1_82' title='bbox 928 1702 1118 1784; x_wconf 83' lang='lat' dir='ltr'><strong>pepercerit,</strong></span> <span class='ocrx_word' id='word_1_83' title='bbox 1131 1701 1301 1782; x_wconf 80' lang='lat' dir='ltr'><strong>diligenter</strong></span> 
     </span>
     <span class='ocr_line' id='line_1_12' title="bbox 350 1800 1300 1884; baseline 0.002 -22"><span class='ocrx_word' id='word_1_84' title='bbox 350 1800 520 1884; x_wconf 87' lang='lat' dir='ltr'><strong>quaesitum</strong></span> <span class='ocrx_word' id='word_1_85' title='bbox 536 1810 594 1864; x_wconf 85' lang='lat' dir='ltr'><strong>est.</strong></span> <span class='ocrx_word' id='word_1_86' title='bbox 637 1801 697 1863; x_wconf 91' lang='lat' dir='ltr'><strong>Ille</strong></span> <span class='ocrx_word' id='word_1_87' title='bbox 712 1801 824 1884; x_wconf 88' lang='lat' dir='ltr'><strong>utique</strong></span> <span class='ocrx_word' id='word_1_88' title='bbox 840 1822 907 1864; x_wconf 90' lang='lat' dir='ltr'><strong>rem</strong></span> <span class='ocrx_word' id='word_1_89' title='bbox 921 1801 1088 1865; x_wconf 86' lang='lat' dir='ltr'><strong>mirificam</strong></span> <span class='ocrx_word' id='word_1_90' title='bbox 1101 1823 1232 1865; x_wconf 87' lang='lat' dir='ltr'><strong>narrans</strong></span> <span class='ocrx_word' id='word_1_91' title='bbox 1246 1801 1300 1864; x_wconf 85' lang='lat' dir='ltr'><strong>ait</strong></span> 
     </span>
     <span class='ocr_line' id='line_1_13' title="bbox 350 1899 1302 1986; baseline 0.002 -23"><span class='ocrx_word' id='word_1_92' title='bbox 350 1902 458 1973; x_wconf 86' lang='lat' dir='ltr'><strong>Quum</strong></span> <span class='ocrx_word' id='word_1_93' title='bbox 473 1899 672 1983; x_wconf 88' lang='lat' dir='ltr'><strong>provinciam</strong></span> <span class='ocrx_word' id='word_1_94' title='bbox 683 1902 821 1965; x_wconf 83' lang='lat' dir='ltr'><strong>Africam</strong></span> <span class='ocrx_word' id='word_1_95' title='bbox 835 1904 1054 1984; x_wconf 85' lang='lat' dir='ltr'><strong>proconsulari</strong></span> <span class='ocrx_word' id='word_1_96' title='bbox 1064 1903 1198 1986; x_wconf 91' lang='lat' dir='ltr'><strong>imperio</strong></span> <span class='ocrx_word' id='word_1_97' title='bbox 1211 1921 1302 1965; x_wconf 91' lang='lat' dir='ltr'><strong>meus</strong></span> 
     </span>
     <span class='ocr_line' id='line_1_14' title="bbox 350 2001 1302 2087; baseline -0.001 -21"><span class='ocrx_word' id='word_1_98' title='bbox 350 2001 500 2066; x_wconf 90' lang='lat' dir='ltr'><strong>dominus</strong></span> <span class='ocrx_word' id='word_1_99' title='bbox 514 2002 682 2080; x_wconf 89' lang='lat' dir='ltr'><strong>obtineret,</strong></span> <span class='ocrx_word' id='word_1_100' title='bbox 694 2023 754 2083; x_wconf 90' lang='lat' dir='ltr'><strong>ego</strong></span> <span class='ocrx_word' id='word_1_101' title='bbox 768 2003 813 2065; x_wconf 93' lang='lat' dir='ltr'><strong>ibi</strong></span> <span class='ocrx_word' id='word_1_102' title='bbox 831 2003 950 2086; x_wconf 86' lang='lat' dir='ltr'><strong>iniquis</strong></span> <span class='ocrx_word' id='word_1_103' title='bbox 964 2004 1045 2087; x_wconf 88' lang='lat' dir='ltr'><strong>ejus,</strong></span> <span class='ocrx_word' id='word_1_104' title='bbox 1059 2013 1093 2067; x_wconf 89' lang='lat' dir='ltr'><strong>et</strong></span> <span class='ocrx_word' id='word_1_105' title='bbox 1107 2002 1302 2087; x_wconf 81' lang='lat' dir='ltr'><strong>quotidianis</strong></span> 
     </span>
     <span class='ocr_line' id='line_1_15' title="bbox 351 2103 1302 2188; baseline 0.001 -22"><span class='ocrx_word' id='word_1_106' title='bbox 351 2103 542 2180; x_wconf 87' lang='lat' dir='ltr'><strong>verberibus,</strong></span> <span class='ocrx_word' id='word_1_107' title='bbox 562 2103 604 2167; x_wconf 86' lang='lat' dir='ltr'><strong>ad</strong></span> <span class='ocrx_word' id='word_1_108' title='bbox 627 2104 735 2186; x_wconf 85' lang='lat' dir='ltr'><strong>fugam</strong></span> <span class='ocrx_word' id='word_1_109' title='bbox 760 2114 892 2168; x_wconf 85' lang='lat' dir='ltr'><strong>coactus</strong></span> <span class='ocrx_word' id='word_1_110' title='bbox 914 2126 995 2183; x_wconf 91' lang='lat' dir='ltr'><strong>sum,</strong></span> <span class='ocrx_word' id='word_1_111' title='bbox 1015 2116 1048 2170; x_wconf 89' lang='lat' dir='ltr'><strong>et</strong></span> <span class='ocrx_word' id='word_1_112' title='bbox 1069 2126 1134 2188; x_wconf 91' lang='lat' dir='ltr'><strong>quo</strong></span> <span class='ocrx_word' id='word_1_113' title='bbox 1155 2103 1235 2166; x_wconf 92' lang='lat' dir='ltr'><strong>mihi</strong></span> <span class='ocrx_word' id='word_1_114' title='bbox 1256 2105 1302 2167; x_wconf 90' lang='lat' dir='ltr'><strong>la·</strong></span> 
     </span>
     <span class='ocr_line' id='line_1_16' title="bbox 350 2204 1300 2281; baseline -0.002 -13"><span class='ocrx_word' id='word_1_115' title='bbox 350 2207 448 2269; x_wconf 86' lang='lat' dir='ltr'><strong>tebrae</strong></span> <span class='ocrx_word' id='word_1_116' title='bbox 470 2215 562 2268; x_wconf 80' lang='lat' dir='ltr'><strong>terrae</strong></span> <span class='ocrx_word' id='word_1_117' title='bbox 582 2204 668 2268; x_wconf 91' lang='lat' dir='ltr'><strong>illius</strong></span> <span class='ocrx_word' id='word_1_118' title='bbox 688 2205 792 2269; x_wconf 86' lang='lat' dir='ltr'><strong>forent</strong></span> <span class='ocrx_word' id='word_1_119' title='bbox 812 2227 831 2269; x_wconf 91' lang='lat' dir='ltr'><strong>a</strong></span> <span class='ocrx_word' id='word_1_120' title='bbox 852 2205 983 2269; x_wconf 90' lang='lat' dir='ltr'><strong>domino</strong></span> <span class='ocrx_word' id='word_1_121' title='bbox 1003 2205 1146 2281; x_wconf 90' lang='lat' dir='ltr'><strong>tutiores,</strong></span> <span class='ocrx_word' id='word_1_122' title='bbox 1160 2204 1196 2267; x_wconf 91' lang='lat' dir='ltr'><strong>in</strong></span> <span class='ocrx_word' id='word_1_123' title='bbox 1215 2224 1300 2267; x_wconf 86' lang='lat' dir='ltr'><strong>cam-</strong></span> 
     </span>
     <span class='ocr_line' id='line_1_17' title="bbox 351 2303 1305 2389; baseline 0 -21"><span class='ocrx_word' id='word_1_124' title='bbox 351 2327 464 2389; x_wconf 90' lang='lat' dir='ltr'><strong>porum</strong></span> <span class='ocrx_word' id='word_1_125' title='bbox 488 2317 521 2369; x_wconf 89' lang='lat' dir='ltr'><strong>et</strong></span> <span class='ocrx_word' id='word_1_126' title='bbox 541 2327 706 2369; x_wconf 80' lang='lat' dir='ltr'><strong>arenarum</strong></span> <span class='ocrx_word' id='word_1_127' title='bbox 730 2305 923 2370; x_wconf 86' lang='lat' dir='ltr'><strong>solitudines</strong></span> <span class='ocrx_word' id='word_1_128' title='bbox 945 2306 1101 2370; x_wconf 84' lang='lat' dir='ltr'><strong>concessi.</strong></span> <span class='ocrx_word' id='word_1_129' title='bbox 1146 2307 1191 2369; x_wconf 86' lang='lat' dir='ltr'><strong>Et</strong></span> <span class='ocrx_word' id='word_1_130' title='bbox 1212 2303 1305 2388; x_wconf 89' lang='lat' dir='ltr'><strong>quasi</strong></span> 
     </span>
     <span class='ocr_line' id='line_1_18' title="bbox 351 2405 1305 2490; baseline -0.004 -19"><span class='ocrx_word' id='word_1_131' title='bbox 351 2407 440 2471; x_wconf 88' lang='lat' dir='ltr'><strong>aliud</strong></span> <span class='ocrx_word' id='word_1_132' title='bbox 455 2407 622 2482; x_wconf 84' lang='lat' dir='ltr'><strong>defuisset,</strong></span> <span class='ocrx_word' id='word_1_133' title='bbox 638 2408 808 2472; x_wconf 90' lang='lat' dir='ltr'><strong>consilium</strong></span> <span class='ocrx_word' id='word_1_134' title='bbox 822 2407 884 2470; x_wconf 85' lang='lat' dir='ltr'><strong>fuit</strong></span> <span class='ocrx_word' id='word_1_135' title='bbox 897 2426 1093 2490; x_wconf 91' lang='lat' dir='ltr'><strong>quocunque</strong></span> <span class='ocrx_word' id='word_1_136' title='bbox 1112 2405 1208 2468; x_wconf 93' lang='lat' dir='ltr'><strong>modo</strong></span> <span class='ocrx_word' id='word_1_137' title='bbox 1223 2426 1305 2468; x_wconf 92' lang='lat' dir='ltr'><strong>mor·</strong></span> 
     </span>
     <span class='ocr_line' id='line_1_19' title="bbox 352 2506 1304 2593; baseline -0.005 -20"><span class='ocrx_word' id='word_1_138' title='bbox 352 2519 417 2573; x_wconf 88' lang='lat' dir='ltr'><strong>tem</strong></span> <span class='ocrx_word' id='word_1_139' title='bbox 439 2519 557 2592; x_wconf 86' lang='lat' dir='ltr'><strong>petere.</strong></span> <span class='ocrx_word' id='word_1_140' title='bbox 594 2511 702 2582; x_wconf 86' lang='lat' dir='ltr'><strong>Quum</strong></span> <span class='ocrx_word' id='word_1_141' title='bbox 723 2510 831 2593; x_wconf 89' lang='lat' dir='ltr'><strong>itaque</strong></span> <span class='ocrx_word' id='word_1_142' title='bbox 851 2509 918 2571; x_wconf 89' lang='lat' dir='ltr'><strong>sole</strong></span> <span class='ocrx_word' id='word_1_143' title='bbox 938 2507 1047 2570; x_wconf 91' lang='lat' dir='ltr'><strong>medio</strong></span> <span class='ocrx_word' id='word_1_144' title='bbox 1067 2506 1179 2589; x_wconf 92' lang='lat' dir='ltr'><strong>rapido</strong></span> <span class='ocrx_word' id='word_1_145' title='bbox 1201 2515 1233 2569; x_wconf 93' lang='lat' dir='ltr'><strong>et</strong></span> <span class='ocrx_word' id='word_1_146' title='bbox 1247 2507 1304 2569; x_wconf 87' lang='lat' dir='ltr'><strong>fla·</strong></span> 
     </span>
     <span class='ocr_line' id='line_1_20' title="bbox 354 2609 1303 2693; baseline -0.004 -19"><span class='ocrx_word' id='word_1_147' title='bbox 354 2610 467 2692; x_wconf 66' lang='lat' dir='ltr'><strong>granti</strong></span> <span class='ocrx_word' id='word_1_148' title='bbox 486 2609 644 2693; x_wconf 87' lang='lat' dir='ltr'><strong>quandam</strong></span> <span class='ocrx_word' id='word_1_149' title='bbox 666 2631 726 2693; x_wconf 94' lang='lat' dir='ltr'><strong>pro</strong></span> <span class='ocrx_word' id='word_1_150' title='bbox 746 2621 890 2691; x_wconf 90' lang='lat' dir='ltr'><strong>tempore</strong></span> <span class='ocrx_word' id='word_1_151' title='bbox 913 2627 1042 2670; x_wconf 86' lang='lat' dir='ltr'><strong>caream</strong></span> <span class='ocrx_word' id='word_1_152' title='bbox 1063 2616 1176 2669; x_wconf 87' lang='lat' dir='ltr'><strong>nactus</strong></span> <span class='ocrx_word' id='word_1_153' title='bbox 1199 2629 1303 2671; x_wconf 87' lang='lat' dir='ltr'><strong>essem</strong></span> 
     </span>
     <span class='ocr_line' id='line_1_21' title="bbox 351 2707 1304 2793; baseline -0.004 -18"><span class='ocrx_word' id='word_1_154' title='bbox 351 2713 555 2789; x_wconf 80' lang='lat' dir='ltr'><strong>latebrosam,</strong></span> <span class='ocrx_word' id='word_1_155' title='bbox 575 2711 609 2772; x_wconf 91' lang='lat' dir='ltr'><strong>in</strong></span> <span class='ocrx_word' id='word_1_156' title='bbox 633 2731 702 2774; x_wconf 88' lang='lat' dir='ltr'><strong>eam</strong></span> <span class='ocrx_word' id='word_1_157' title='bbox 729 2720 874 2793; x_wconf 91' lang='lat' dir='ltr'><strong>penetro,</strong></span> <span class='ocrx_word' id='word_1_158' title='bbox 895 2728 1012 2792; x_wconf 91' lang='lat' dir='ltr'><strong>meque</strong></span> <span class='ocrx_word' id='word_1_159' title='bbox 1037 2707 1188 2771; x_wconf 90' lang='lat' dir='ltr'><strong>recondo.</strong></span> <span class='ocrx_word' id='word_1_160' title='bbox 1232 2709 1304 2771; x_wconf 89' lang='lat' dir='ltr'><strong>Nec</strong></span> 
     </span>
     <span class='ocr_line' id='line_1_22' title="bbox 353 2807 1304 2895; baseline -0.005 -20"><span class='ocrx_word' id='word_1_161' title='bbox 353 2812 455 2876; x_wconf 89' lang='lat' dir='ltr'><strong>multo</strong></span> <span class='ocrx_word' id='word_1_162' title='bbox 470 2822 544 2895; x_wconf 88' lang='lat' dir='ltr'><strong>post</strong></span> <span class='ocrx_word' id='word_1_163' title='bbox 561 2811 602 2873; x_wconf 89' lang='lat' dir='ltr'><strong>ad</strong></span> <span class='ocrx_word' id='word_1_164' title='bbox 622 2811 761 2874; x_wconf 90' lang='lat' dir='ltr'><strong>eundem</strong></span> <span class='ocrx_word' id='word_1_165' title='bbox 784 2830 917 2893; x_wconf 88' lang='lat' dir='ltr'><strong>specum</strong></span> <span class='ocrx_word' id='word_1_166' title='bbox 938 2809 1025 2872; x_wconf 84' lang='lat' dir='ltr'><strong>venit</strong></span> <span class='ocrx_word' id='word_1_167' title='bbox 1043 2807 1097 2870; x_wconf 93' lang='lat' dir='ltr'><strong>hic</strong></span> <span class='ocrx_word' id='word_1_168' title='bbox 1114 2808 1178 2883; x_wconf 90' lang='lat' dir='ltr'><strong>leo,</strong></span> <span class='ocrx_word' id='word_1_169' title='bbox 1193 2807 1304 2884; x_wconf 91' lang='lat' dir='ltr'><strong>debili,</strong></span> 
     </span>
     <span class='ocr_line' id='line_1_23' title="bbox 355 2909 1304 2996; baseline -0.006 -18"><span class='ocrx_word' id='word_1_170' title='bbox 355 2924 387 2978; x_wconf 91' lang='lat' dir='ltr'><strong>et</strong></span> <span class='ocrx_word' id='word_1_171' title='bbox 408 2923 552 2990; x_wconf 90' lang='lat' dir='ltr'><strong>cruento,</strong></span> <span class='ocrx_word' id='word_1_172' title='bbox 574 2923 606 2976; x_wconf 87' lang='lat' dir='ltr'><strong>et</strong></span> <span class='ocrx_word' id='word_1_173' title='bbox 627 2911 749 2975; x_wconf 91' lang='lat' dir='ltr'><strong>crudeli</strong></span> <span class='ocrx_word' id='word_1_174' title='bbox 771 2911 866 2996; x_wconf 89' lang='lat' dir='ltr'><strong>pede,</strong></span> <span class='ocrx_word' id='word_1_175' title='bbox 888 2911 1025 2994; x_wconf 79' lang='lat' dir='ltr'><strong>gemitus</strong></span> <span class='ocrx_word' id='word_1_176' title='bbox 1045 2909 1145 2972; x_wconf 90' lang='lat' dir='ltr'><strong>edens</strong></span> <span class='ocrx_word' id='word_1_177' title='bbox 1166 2920 1199 2973; x_wconf 90' lang='lat' dir='ltr'><strong>et</strong></span> <span class='ocrx_word' id='word_1_178' title='bbox 1219 2931 1304 2973; x_wconf 89' lang='lat' dir='ltr'><strong>mur-</strong></span> 
     </span>
     <span class='ocr_line' id='line_1_24' title="bbox 354 3011 1306 3095; baseline -0.003 -18"><span class='ocrx_word' id='word_1_179' title='bbox 354 3035 453 3089; x_wconf 89' lang='lat' dir='ltr'><strong>mura,</strong></span> <span class='ocrx_word' id='word_1_180' title='bbox 480 3012 622 3076; x_wconf 91' lang='lat' dir='ltr'><strong>dolorem</strong></span> <span class='ocrx_word' id='word_1_181' title='bbox 648 3013 888 3095; x_wconf 87' lang='lat' dir='ltr'><strong>cruciatumque</strong></span> <span class='ocrx_word' id='word_1_182' title='bbox 917 3012 1056 3075; x_wconf 84' lang='lat' dir='ltr'><strong>vulneris</strong></span> <span class='ocrx_word' id='word_1_183' title='bbox 1082 3011 1306 3093; x_wconf 86' lang='lat' dir='ltr'><strong>ingemiscens,</strong></span> 
     </span>
     <span class='ocr_line' id='line_1_25' title="bbox 356 3113 1304 3198; baseline -0.004 -19"><span class='ocrx_word' id='word_1_184' title='bbox 356 3137 428 3179; x_wconf 92' lang='lat' dir='ltr'><strong>cum</strong></span> <span class='ocrx_word' id='word_1_185' title='bbox 443 3113 627 3177; x_wconf 81' lang='lat' dir='ltr'><strong>miserantia</strong></span> <span class='ocrx_word' id='word_1_186' title='bbox 641 3114 796 3177; x_wconf 89' lang='lat' dir='ltr'><strong>auditoris</strong></span> <span class='ocrx_word' id='word_1_187' title='bbox 811 3114 839 3176; x_wconf 92' lang='lat' dir='ltr'><strong>si</strong></span> <span class='ocrx_word' id='word_1_188' title='bbox 854 3114 927 3198; x_wconf 90' lang='lat' dir='ltr'><strong>quis</strong></span> <span class='ocrx_word' id='word_1_189' title='bbox 942 3114 1077 3177; x_wconf 86' lang='lat' dir='ltr'><strong>adesset.</strong></span> <span class='ocrx_word' id='word_1_190' title='bbox 1119 3114 1225 3197; x_wconf 85' lang='lat' dir='ltr'><strong>Atque</strong></span> <span class='ocrx_word' id='word_1_191' title='bbox 1238 3114 1304 3176; x_wconf 94' lang='lat' dir='ltr'><strong>illic</strong></span> 
     </span>
     <span class='ocr_line' id='line_1_26' title="bbox 355 3212 1305 3300; baseline -0.001 -22"><span class='ocrx_word' id='word_1_192' title='bbox 355 3216 459 3300; x_wconf 92' lang='lat' dir='ltr'><strong>primo</strong></span> <span class='ocrx_word' id='word_1_193' title='bbox 480 3214 611 3298; x_wconf 89' lang='lat' dir='ltr'><strong>quidem</strong></span> <span class='ocrx_word' id='word_1_194' title='bbox 634 3222 811 3297; x_wconf 88' lang='lat' dir='ltr'><strong>conspectu</strong></span> <span class='ocrx_word' id='word_1_195' title='bbox 834 3214 1034 3278; x_wconf 86' lang='lat' dir='ltr'><strong>advenientis</strong></span> <span class='ocrx_word' id='word_1_196' title='bbox 1055 3212 1158 3277; x_wconf 87' lang='lat' dir='ltr'><strong>leonis</strong></span> <span class='ocrx_word' id='word_1_197' title='bbox 1179 3214 1305 3277; x_wconf 88' lang='lat' dir='ltr'><strong>territus</strong></span> 
     </span>
     <span class='ocr_line' id='line_1_27' title="bbox 357 3312 1305 3399; baseline -0.004 -19"><span class='ocrx_word' id='word_1_198' title='bbox 357 3339 437 3395; x_wconf 89' lang='lat' dir='ltr'><strong>sum,</strong></span> <span class='ocrx_word' id='word_1_199' title='bbox 460 3328 492 3380; x_wconf 90' lang='lat' dir='ltr'><strong>et</strong></span> <span class='ocrx_word' id='word_1_200' title='bbox 514 3315 605 3399; x_wconf 87' lang='lat' dir='ltr'><strong>quasi</strong></span> <span class='ocrx_word' id='word_1_201' title='bbox 625 3326 694 3379; x_wconf 92' lang='lat' dir='ltr'><strong>toto</strong></span> <span class='ocrx_word' id='word_1_202' title='bbox 717 3316 825 3378; x_wconf 88' lang='lat' dir='ltr'><strong>animo</strong></span> <span class='ocrx_word' id='word_1_203' title='bbox 849 3326 1081 3378; x_wconf 87' lang='lat' dir='ltr'><strong>consternatus.</strong></span> <span class='ocrx_word' id='word_1_204' title='bbox 1127 3312 1193 3378; x_wconf 87' lang='lat' dir='ltr'><strong>Sed</strong></span> <span class='ocrx_word' id='word_1_205' title='bbox 1217 3323 1305 3398; x_wconf 91' lang='lat' dir='ltr'><strong>post·</strong></span> 
     </span>
     <span class='ocr_line' id='line_1_28' title="bbox 358 3416 1307 3502; baseline -0.002 -20"><span class='ocrx_word' id='word_1_206' title='bbox 358 3440 455 3502; x_wconf 90' lang='lat' dir='ltr'><strong>quam</strong></span> <span class='ocrx_word' id='word_1_207' title='bbox 474 3419 687 3498; x_wconf 86' lang='lat' dir='ltr'><strong>introgressus</strong></span> <span class='ocrx_word' id='word_1_208' title='bbox 705 3419 767 3493; x_wconf 91' lang='lat' dir='ltr'><strong>leo,</strong></span> <span class='ocrx_word' id='word_1_209' title='bbox 787 3417 835 3481; x_wconf 90' lang='lat' dir='ltr'><strong>uti</strong></span> <span class='ocrx_word' id='word_1_210' title='bbox 853 3438 903 3480; x_wconf 90' lang='lat' dir='ltr'><strong>res</strong></span> <span class='ocrx_word' id='word_1_211' title='bbox 921 3417 994 3500; x_wconf 86' lang='lat' dir='ltr'><strong>ipsa</strong></span> <span class='ocrx_word' id='word_1_212' title='bbox 1018 3416 1177 3500; x_wconf 89' lang='lat' dir='ltr'><strong>apparuit,</strong></span> <span class='ocrx_word' id='word_1_213' title='bbox 1195 3417 1231 3479; x_wconf 91' lang='lat' dir='ltr'><strong>in</strong></span> <span class='ocrx_word' id='word_1_214' title='bbox 1250 3417 1307 3480; x_wconf 88' lang='lat' dir='ltr'><strong>ha·</strong></span> 
     </span>
     <span class='ocr_line' id='line_1_29' title="bbox 357 3515 1309 3600; baseline -0.003 -17"><span class='ocrx_word' id='word_1_215' title='bbox 357 3520 535 3583; x_wconf 87' lang='lat' dir='ltr'><strong>bitaculum</strong></span> <span class='ocrx_word' id='word_1_216' title='bbox 548 3515 629 3580; x_wconf 91' lang='lat' dir='ltr'><strong>illud</strong></span> <span class='ocrx_word' id='word_1_217' title='bbox 645 3539 750 3597; x_wconf 90' lang='lat' dir='ltr'><strong>suum,</strong></span> <span class='ocrx_word' id='word_1_218' title='bbox 764 3538 815 3580; x_wconf 90' lang='lat' dir='ltr'><strong>me</strong></span> <span class='ocrx_word' id='word_1_219' title='bbox 833 3517 921 3580; x_wconf 80' lang='lat' dir='ltr'><strong>videt</strong></span> <span class='ocrx_word' id='word_1_220' title='bbox 941 3518 1121 3598; x_wconf 88' lang='lat' dir='ltr'><strong>ingressum</strong></span> <span class='ocrx_word' id='word_1_221' title='bbox 1137 3519 1260 3600; x_wconf 89' lang='lat' dir='ltr'><strong>procul,</strong></span> <span class='ocrx_word' id='word_1_222' title='bbox 1274 3529 1309 3581; x_wconf 86' lang='lat' dir='ltr'><strong>et</strong></span> 
     </span>
     <span class='ocr_line' id='line_1_30' title="bbox 359 3618 1306 3694; baseline -0.005 -10"><span class='ocrx_word' id='word_1_223' title='bbox 359 3621 610 3693; x_wconf 87' lang='lat' dir='ltr'><strong>delitescentem,</strong></span> <span class='ocrx_word' id='word_1_224' title='bbox 634 3618 721 3681; x_wconf 88' lang='lat' dir='ltr'><strong>mitis</strong></span> <span class='ocrx_word' id='word_1_225' title='bbox 743 3629 776 3682; x_wconf 90' lang='lat' dir='ltr'><strong>et</strong></span> <span class='ocrx_word' id='word_1_226' title='bbox 797 3629 983 3681; x_wconf 85' lang='lat' dir='ltr'><strong>mansuetus</strong></span> <span class='ocrx_word' id='word_1_227' title='bbox 1009 3619 1154 3694; x_wconf 83' lang='lat' dir='ltr'><strong>accessit,</strong></span> <span class='ocrx_word' id='word_1_228' title='bbox 1176 3627 1208 3680; x_wconf 89' lang='lat' dir='ltr'><strong>et</strong></span> <span class='ocrx_word' id='word_1_229' title='bbox 1232 3619 1306 3679; x_wconf 89' lang='lat' dir='ltr'><strong>sub·</strong></span> 
     </span>
     <span class='ocr_line' id='line_1_31' title="bbox 357 3716 1309 3801; baseline -0.002 -19"><span class='ocrx_word' id='word_1_230' title='bbox 357 3721 458 3782; x_wconf 90' lang='lat' dir='ltr'><strong>latum</strong></span> <span class='ocrx_word' id='word_1_231' title='bbox 471 3716 587 3801; x_wconf 86' lang='lat' dir='ltr'><strong>pedem</strong></span> <span class='ocrx_word' id='word_1_232' title='bbox 603 3718 770 3781; x_wconf 86' lang='lat' dir='ltr'><strong>ostendere</strong></span> <span class='ocrx_word' id='word_1_233' title='bbox 787 3718 875 3796; x_wconf 91' lang='lat' dir='ltr'><strong>mihi,</strong></span> <span class='ocrx_word' id='word_1_234' title='bbox 892 3727 924 3781; x_wconf 90' lang='lat' dir='ltr'><strong>et</strong></span> <span class='ocrx_word' id='word_1_235' title='bbox 938 3717 1098 3800; x_wconf 89' lang='lat' dir='ltr'><strong>porrigere</strong></span> <span class='ocrx_word' id='word_1_236' title='bbox 1112 3717 1184 3801; x_wconf 89' lang='lat' dir='ltr'><strong>opis</strong></span> <span class='ocrx_word' id='word_1_237' title='bbox 1199 3717 1309 3799; x_wconf 87' lang='lat' dir='ltr'><strong>gratia,</strong></span> 
     </span>
     <span class='ocr_line' id='line_1_32' title="bbox 358 3816 1309 3901; baseline 0.001 -20"><span class='ocrx_word' id='word_1_238' title='bbox 358 3818 446 3881; x_wconf 84' lang='lat' dir='ltr'><strong>visus</strong></span> <span class='ocrx_word' id='word_1_239' title='bbox 468 3828 524 3880; x_wconf 90' lang='lat' dir='ltr'><strong>est.</strong></span> <span class='ocrx_word' id='word_1_240' title='bbox 571 3816 636 3892; x_wconf 90' lang='lat' dir='ltr'><strong>Ibi,</strong></span> <span class='ocrx_word' id='word_1_241' title='bbox 658 3818 774 3901; x_wconf 90' lang='lat' dir='ltr'><strong>inquit,</strong></span> <span class='ocrx_word' id='word_1_242' title='bbox 797 3838 857 3899; x_wconf 88' lang='lat' dir='ltr'><strong>ego</strong></span> <span class='ocrx_word' id='word_1_243' title='bbox 879 3818 1022 3900; x_wconf 88' lang='lat' dir='ltr'><strong>stipitem</strong></span> <span class='ocrx_word' id='word_1_244' title='bbox 1043 3817 1218 3899; x_wconf 89' lang='lat' dir='ltr'><strong>ingentem,</strong></span> <span class='ocrx_word' id='word_1_245' title='bbox 1240 3840 1309 3882; x_wconf 91' lang='lat' dir='ltr'><strong>ves·</strong></span> 
     </span>
     <span class='ocr_line' id='line_1_33' title="bbox 359 3915 1310 4001; baseline -0.001 -21"><span class='ocrx_word' id='word_1_246' title='bbox 359 3917 436 3999; x_wconf 87' lang='lat' dir='ltr'><strong>tigio</strong></span> <span class='ocrx_word' id='word_1_247' title='bbox 465 3916 559 3999; x_wconf 88' lang='lat' dir='ltr'><strong>pedis</strong></span> <span class='ocrx_word' id='word_1_248' title='bbox 587 3915 656 3999; x_wconf 91' lang='lat' dir='ltr'><strong>ejus</strong></span> <span class='ocrx_word' id='word_1_249' title='bbox 684 3917 870 3993; x_wconf 78' lang='lat' dir='ltr'><strong>haerentem,</strong></span> <span class='ocrx_word' id='word_1_250' title='bbox 899 3917 1025 3993; x_wconf 85' lang='lat' dir='ltr'><strong>revulsi,</strong></span> <span class='ocrx_word' id='word_1_251' title='bbox 1055 3927 1310 4001; x_wconf 86' lang='lat' dir='ltr'><strong>conceptamque</strong></span> 
     </span>
     <span class='ocr_line' id='line_1_34' title="bbox 359 4015 1308 4099; baseline -0.004 -18"><span class='ocrx_word' id='word_1_252' title='bbox 359 4017 483 4081; x_wconf 88' lang='lat' dir='ltr'><strong>saniem</strong></span> <span class='ocrx_word' id='word_1_253' title='bbox 507 4017 636 4078; x_wconf 87' lang='lat' dir='ltr'><strong>vulnere</strong></span> <span class='ocrx_word' id='word_1_254' title='bbox 660 4015 775 4077; x_wconf 90' lang='lat' dir='ltr'><strong>intimo</strong></span> <span class='ocrx_word' id='word_1_255' title='bbox 801 4015 956 4099; x_wconf 83' lang='lat' dir='ltr'><strong>expressi,</strong></span> <span class='ocrx_word' id='word_1_256' title='bbox 978 4016 1221 4096; x_wconf 88' lang='lat' dir='ltr'><strong>accuratiusque</strong></span> <span class='ocrx_word' id='word_1_257' title='bbox 1241 4015 1308 4098; x_wconf 87' lang='lat' dir='ltr'><strong>jam</strong></span> 
     </span>
     <span class='ocr_line' id='line_1_35' title="bbox 361 4114 1309 4198; baseline -0.002 -18"><span class='ocrx_word' id='word_1_258' title='bbox 361 4117 429 4180; x_wconf 89' lang='lat' dir='ltr'><strong>sine</strong></span> <span class='ocrx_word' id='word_1_259' title='bbox 460 4137 576 4197; x_wconf 86' lang='lat' dir='ltr'><strong>magna</strong></span> <span class='ocrx_word' id='word_1_260' title='bbox 604 4114 774 4179; x_wconf 85' lang='lat' dir='ltr'><strong>formidine</strong></span> <span class='ocrx_word' id='word_1_261' title='bbox 805 4117 924 4179; x_wconf 90' lang='lat' dir='ltr'><strong>siccavi</strong></span> <span class='ocrx_word' id='word_1_262' title='bbox 953 4116 1092 4198; x_wconf 89' lang='lat' dir='ltr'><strong>penitus,</strong></span> <span class='ocrx_word' id='word_1_263' title='bbox 1118 4136 1309 4197; x_wconf 90' lang='lat' dir='ltr'><strong>omnemque</strong></span> 
     </span>
     <span class='ocr_line' id='line_1_36' title="bbox 361 4216 1310 4298; baseline -0.002 -19"><span class='ocrx_word' id='word_1_264' title='bbox 361 4217 476 4281; x_wconf 89' lang='lat' dir='ltr'><strong>detersi</strong></span> <span class='ocrx_word' id='word_1_265' title='bbox 506 4237 659 4282; x_wconf 88' lang='lat' dir='ltr'><strong>cruorem.</strong></span> <span class='ocrx_word' id='word_1_266' title='bbox 713 4219 772 4280; x_wconf 88' lang='lat' dir='ltr'><strong>Ille</strong></span> <span class='ocrx_word' id='word_1_267' title='bbox 802 4228 878 4280; x_wconf 91' lang='lat' dir='ltr'><strong>tunc</strong></span> <span class='ocrx_word' id='word_1_268' title='bbox 908 4238 979 4278; x_wconf 86' lang='lat' dir='ltr'><strong>mea</strong></span> <span class='ocrx_word' id='word_1_269' title='bbox 1004 4237 1102 4298; x_wconf 89' lang='lat' dir='ltr'><strong>opera</strong></span> <span class='ocrx_word' id='word_1_270' title='bbox 1127 4227 1159 4277; x_wconf 90' lang='lat' dir='ltr'><strong>et</strong></span> <span class='ocrx_word' id='word_1_271' title='bbox 1184 4216 1310 4278; x_wconf 88' lang='lat' dir='ltr'><strong>medela</strong></span> 
     </span>
    </p>
   </div>
   <div class='ocr_carea' id='block_1_4' title="bbox 0 0 1682 5309">
    <p class='ocr_par' dir='ltr' id='par_1_4' title="bbox 0 0 1682 5309">
     <span class='ocr_line' id='line_1_37' title="bbox 0 0 1682 5309; baseline 0 0"><span class='ocrx_word' id='word_1_272' title='bbox 0 0 1682 5309; x_wconf 95' lang='lat' dir='ltr'><strong> </strong></span> 
     </span>
    </p>
   </div>
  </div>
 </body>
</html>
