3309 5309
474 663 514 720 36
721 672 856 717 Josnurs
872 668 1149 716 snnusoanrassrs
1310 652 1391 731 [mn.
1410 671 1435 716 1.

477 817 1435 910 EgregiaequidemEleazarusqnumredimendaevitoecausa

478 925 701 989 sollicitaretur
723 921 920 988 committere
943 921 974 983 in
1003 920 1103 1004 legem
1127 919 1268 999 Domini,
1290 920 1433 1005 exempli

477 1026 653 1113 periculum
669 1024 831 1111 opposuit,
845 1023 970 1086 dicens:
996 1019 1078 1093 Quis
1093 1045 1153 1106 ego
1168 1043 1240 1085 sum
1255 993 1446 1086 Eleazarus·

479 1128 651 1213 nonaginta
666 1149 832 1200 annorum,
846 1138 882 1188 ut
899 1138 1053 1188 transeam
1069 1124 1109 1188 ad
1128 1124 1224 1188 vitam
1240 1122 1431 1208 alienigena·

478 1252 560 1302 rum,
577 1242 607 1293 et
623 1229 758 1313 juvenes
774 1225 937 1311 religiosos
952 1224 1122 1290 seducam?
1151 1228 1338 1290 Nascuntur
1353 1247 1430 1310 ergo

479 1330 653 1414 majoribus
670 1328 813 1393 hoeredes
828 1328 958 1413 quidem
980 1327 1163 1412 degeneres,
1179 1341 1210 1392 et
1231 1328 1288 1413 qui
1306 1326 1429 1392 virilem

478 1453 589 1494 sexum
607 1430 752 1494 muliebri
770 1429 902 1494 mollitie
918 1429 1137 1494 dehonestant.

519 1779 600 1862 Cap.
615 1782 645 1841 6.
670 1777 721 1839 De
737 1779 871 1852 musico,
886 1781 917 1837 et
931 1775 1166 1852 instrumentis,
1180 1778 1211 1834 et
1226 1773 1337 1847 modis,
1353 1777 1387 1834 at

822 1880 941 1960 fructu
957 1897 1073 1940 corum.

520 2037 595 2098 Non
615 2047 720 2098 tamen
737 2031 903 2097 curialium
928 2032 1020 2116 nugis
1041 2035 1192 2097 musicam
1214 2031 1428 2097 calumnietur

476 2136 592 2221 aliquis
608 2136 768 2211 sociatam,
781 2135 854 2199 licet
867 2158 898 2198 se
910 2134 1062 2199 beneficio
1076 2136 1146 2221 ejus
1158 2147 1311 2198 conentur
1326 2157 1428 2219 nuga-

474 2250 579 2300 torum
596 2233 726 2319 plurimi
741 2233 971 2298 commendare.
1012 2234 1189 2321 Disciplina
1204 2233 1335 2318 quidem
1352 2234 1430 2299 libe-

475 2336 550 2400 ralis
564 2348 622 2412 est,
636 2350 667 2400 et
684 2337 749 2399 sive
764 2337 993 2421 Pythagoram,
1003 2336 1067 2399 sive
1084 2335 1307 2420 Moysen,sive
1318 2335 1428 2400 Tubal

475 2451 598 2526 patrem
625 2438 803 2504 canentium
828 2439 860 2503 in
888 2442 1031 2526 cythara,
1054 2439 1201 2504 editionis
1225 2461 1292 2502 suae
1316 2438 1429 2506 laudat

475 2554 646 2622 auctorem,
673 2541 847 2627 ingenuum
875 2541 971 2607 habet
998 2556 1115 2622 ortum,
1142 2555 1172 2605 et
1202 2541 1330 2606 virtutis
1361 2567 1431 2607 suae

475 2645 628 2730 potentia,
643 2643 881 2732 specierumque
898 2646 1060 2723 varietate,
1076 2660 1107 2709 et
1123 2643 1181 2709 sibi
1197 2643 1430 2710 famulantibus

474 2747 625 2823 numeris,
642 2744 788 2810 universa
803 2746 1036 2832 complectitur,
1052 2747 1194 2810 omnium
1215 2770 1289 2832 quae
1305 2762 1380 2812 sunt
1396 2759 1429 2812 et

476 2869 549 2930 quae
564 2846 725 2924 dicuntur,
737 2847 941 2913 dissidentem
957 2862 989 2913 et
1002 2849 1160 2913 dissonam
1177 2848 1430 2930 multitudinem,

473 2949 717 3037 proportionum
733 2973 875 3027 suarum,
888 2950 921 3014 id
938 2965 996 3032 est,
1008 2952 1158 3038 inaequali
1171 2951 1309 3038 quadam
1326 2953 1428 3039 aequi-

473 3051 548 3117 tatis
566 3052 635 3138 lege
650 3052 830 3117 concilians.
876 3057 948 3118 Hac
963 3055 1078 3119 etenim
1095 3054 1234 3118 coelestia
1249 3066 1431 3140 temperan-

473 3169 538 3234 tur,
561 3156 723 3221 mundana
752 3156 817 3220 sive
841 3156 980 3221 humana
1009 3169 1183 3241 reguntur:
1218 3154 1286 3219 haec
1310 3155 1429 3222 instru-

473 3271 579 3322 menta
600 3256 703 3322 mores'
722 3259 885 3324 instruunt
909 3272 940 3322 et
962 3258 1145 3334 informant,
1160 3257 1320 3344 ipsiusque
1341 3260 1431 3324 vocis

473 3358 649 3422 articulatas
666 3358 716 3419 vel
732 3358 941 3423 inarticulatae
961 3356 1171 3420 substantiam
1188 3357 1268 3419 miro
1284 3359 1427 3444 quodam

474 3467 596 3521 naturae
620 3457 756 3541 opificio,
782 3457 901 3521 melicis
926 3455 1060 3539 picturis
1086 3457 1285 3541 rythmorum
1310 3477 1430 3525 metro·

473 3580 609 3644 rumque
630 3556 789 3620 coloribus
810 3557 960 3631 vestiunt,
982 3569 1014 3620 et
1037 3557 1174 3643 quadarn
1198 3561 1304 3625 cultus
1326 3583 1431 3627 venu.

474 3668 553 3721 state
569 3669 751 3744 perornant.
798 3657 904 3734 Hanc,
920 3671 957 3721 ut
974 3654 1123 3742 suffragio
1142 3657 1429 3728 commendationis

472 3770 589 3823 nostrae
607 3782 668 3821 non
691 3770 795 3843 egeat,
813 3757 912 3822 sancti
933 3772 1039 3845 patres
1059 3762 1169 3827 multis
1187 3759 1318 3823 laudum
1340 3785 1426 3847 prae.

471 3861 569 3925 coniis
592 3859 785 3926 extulerunt.
832 3861 981 3949 Denique
1003 3864 1036 3926 in
1060 3865 1129 3948 ejus
1152 3862 1271 3926 virtute
1294 3866 1429 3950 maligni

473 3963 604 4050 spiritus
621 3961 770 4027 violentia
785 3962 963 4041 cohibetur,
979 3978 1010 4029 et
1031 3965 1116 4029 illius
1130 3965 1222 4031 etiam
1238 3964 1270 4028 in
1287 3966 1428 4034 subditis

472 4066 537 4130 suis
560 4065 675 4131 minuit
690 4063 819 4129 musicae
839 4067 942 4151 gratia
964 4080 1165 4153 potestatem.
1209 4070 1317 4146 Quum
1340 4074 1426 4136 enim

470 4169 601 4258 spiritus
622 4168 725 4231 malus
747 4168 875 4234 Saulem
897 4169 1073 4244 invasisset,
1090 4171 1244 4255 psallebat
1260 4171 1375 4236 David
1390 4176 1424 4239 in

467 4273 600 4361 cythara
623 4271 654 4337 in
679 4291 773 4336 manu
798 4293 866 4352 sua,
882 4270 982 4335 donec
1006 4271 1170 4355 spiritusa
1192 4273 1274 4360 regis
1296 4273 1424 4340 infesta-
