3309 5309
235 672 306 717 usa.
322 653 383 733 va]
612 672 871 719 Ponscaamcus.
1137 664 1197 722 175

237 819 425 885 sollicitator
439 820 591 895 incestus,
607 831 645 885 ut
659 844 759 907 quum
775 823 915 887 amicum
931 822 1095 889 blanditiis
1117 847 1198 911 prae-

239 921 427 1008 corruperit,
443 943 533 987 more
547 922 781 988 meretricantis
796 924 957 989 fortunam
973 924 1133 1012 surripiat,
1144 950 1199 992 ex-

240 1034 351 1090 tenuet
362 1024 542 1102 facultates,
554 1024 660 1089 aliena
674 1025 708 1090 in
723 1048 757 1090 se
773 1039 925 1111 congerat
937 1028 1048 1114 spolia,
1061 1041 1093 1093 et
1104 1052 1198 1094 suum

240 1125 347 1191 omnia
366 1136 533 1192 convertat
551 1128 593 1191 ad
613 1127 748 1192 lucrum.
794 1129 940 1194 Efficitur
961 1153 1038 1216 ergo
1058 1142 1095 1195 ut
1110 1131 1199 1197 nulla

240 1228 278 1292 sit
292 1227 323 1292 ei
338 1228 475 1293 molesta
495 1228 617 1293 servilis
637 1228 877 1307 obsecundatio,
898 1231 1024 1297 nullum
1045 1232 1198 1298 indecens

241 1329 386 1396 rideatur
404 1330 606 1417 obsequium,
622 1331 767 1396 omnium
787 1332 963 1397 officiorum
984 1356 1134 1420 personas
1149 1335 1199 1399 in-

239 1434 319 1515 duit,
342 1434 421 1499 dum
446 1433 580 1520 praemia
604 1434 750 1500 omnium
776 1435 997 1502 fraudulenter
1022 1437 1195 1524 praeripiat.

240 1536 305 1613 Qui
319 1548 397 1603 sunt
410 1537 498 1603 enim
513 1538 569 1626 qui
586 1538 726 1603 vestibus
740 1538 856 1615 nitent,
871 1538 927 1626 qui
943 1539 1093 1624 fastigiati
1109 1540 1196 1606 ince-

238 1640 330 1718 dunt,
346 1639 403 1729 qui
417 1640 665 1728 sequipedarum
685 1640 845 1727 stipantur
860 1640 1023 1719 comitatu,
1041 1643 1198 1708 commili-

239 1755 350 1808 tonum
374 1753 409 1808 et
434 1742 712 1807 contubernalium
736 1741 930 1807 dealbantur
954 1742 1119 1831 obsequio,
1142 1745 1198 1830 qui

239 1845 349 1931 primis
374 1844 619 1911 salutationibus
641 1845 674 1909 in
698 1845 766 1910 foro
790 1844 978 1929 gloriantur,
1000 1846 1056 1932 qui
1079 1845 1198 1932 primos

239 1947 402 2013 recubitus
421 1948 542 2014 habeut
560 1948 594 2012 in
614 1947 724 2025 coenis,
748 1970 884 2034 quorum
903 1970 996 2013 aures
1016 1948 1200 2013 mulcentur

240 2050 384 2116 fomento
412 2050 660 2137 praenominum,
691 2062 725 2116 et
753 2051 870 2137 quibus
900 2050 1056 2117 nobilium
1086 2051 1199 2117 molles

241 2162 423 2218 reserantur
435 2152 604 2219 auricula:
624 2174 704 2239 quos
719 2152 856 2217 fortunae
870 2154 973 2238 gratia
987 2155 1111 2219 alarum
1126 2177 1200 2219 sua-

240 2277 310 2320 rum
333 2255 469 2341 remigio
490 2255 533 2321 ad
558 2254 710 2320 sublimia
733 2256 882 2323 subvehit
903 2268 938 2323 et
966 2258 1101 2338 extollit,
1124 2268 1159 2323 et
1179 2280 1200 2323 a

239 2357 356 2444 quibus
370 2357 527 2445 quaelibet
541 2378 659 2441 magna
677 2356 802 2434 domus,
819 2359 1031 2445 dispositionis
1052 2382 1119 2424 susc
1134 2360 1199 2424 for·

240 2459 361 2524 mulam
375 2458 485 2536 trahit,
500 2468 535 2524 et
548 2457 693 2523 habitum
715 2460 906 2525 mutuatur?
943 2461 1071 2548 Nempe
1087 2461 1197 2528 adula-

239 2573 333 2641 tores,
350 2561 407 2648 qui
421 2560 564 2628 alienum
580 2561 691 2626 vivunt
706 2562 747 2626 ad
762 2573 890 2639 nutum,
905 2561 984 2626 dum
999 2586 1054 2627 eos
1068 2563 1198 2628 fraudu-

239 2662 343 2728 lenter
363 2674 550 2749 emungant.
595 2663 723 2729 Veritas
742 2685 854 2749 aspera
876 2672 934 2744 est,
955 2673 989 2727 et
1007 2662 1198 2749 plerumque

238 2765 419 2832 molestiam
442 2766 537 2853 parit,
562 2766 640 2832 dum
666 2765 808 2851 aliquem
839 2764 969 2851 palpare
995 2763 1198 2849 dedignatur.

240 2868 363 2934 Verum
377 2869 561 2935 amaritudo
575 2870 647 2956 ejus
663 2869 773 2934 utilior
787 2879 846 2945 est,
859 2879 893 2932 et
906 2867 1039 2951 integris
1054 2867 1198 2935 sensibus

239 2972 368 3056 gratior,
390 2993 488 3059 quam
511 2971 745 3038 meretricantis
768 2970 888 3055 linguae
915 2969 1073 3034 distillans
1098 2970 1198 3036 favus.

241 3070 381 3138 Meliora
404 3071 563 3159 siquidem
585 3083 660 3136 sunt
685 3073 821 3157 (Sancto
846 3070 1017 3134 Salomone
1043 3072 1196 3153 testante)

239 3174 334 3240 amici
353 3175 498 3253 verbera,
519 3196 617 3263 quam
637 3175 842 3239 fraudulenta
864 3172 973 3238 oscula
993 3170 1197 3238 blandientis.

240 3275 395 3351 Quidni?
437 3277 535 3342 Fides
562 3277 650 3341 enim
680 3277 825 3363 perfidioe
855 3297 983 3362 semper
1012 3274 1198 3342 antefertur.

240 3379 315 3445 Non
329 3390 443 3446 manet
457 3378 538 3444 fides
555 3379 735 3457 incolumis,
750 3380 807 3444 ubi
827 3379 915 3443 aliud
930 3378 1045 3464 agitur,
1062 3389 1095 3442 ct
1110 3376 1198 3443 aliud

239 3479 420 3561 simulatur,
449 3479 628 3565 praesertim
658 3480 765 3544 animo
794 3490 828 3544 at
857 3480 1020 3544 voluntate
1050 3480 1198 3547 nocendi.

239 3581 369 3647 Dicitur
382 3582 469 3646 enirn
490 3580 582 3660 fides,
598 3580 624 3646 si
643 3581 807 3668 sequimur
831 3582 963 3663 Stoicos,
979 3604 1018 3646 eo
1039 3582 1126 3668 quod
1141 3582 1199 3649 fiat

238 3684 324 3769 quod
350 3682 565 3749 dictumest:
602 3683 676 3747 Lux
702 3706 786 3760 mea,
810 3683 895 3747 salus
924 3705 1010 3761 mea,
1037 3683 1196 3768 refugium

238 3804 359 3865 meum,
370 3805 426 3849 cor
439 3807 561 3867 meunt,
574 3796 608 3849 et
622 3784 687 3849 vita
702 3806 786 3865 mea,
797 3783 863 3847 dux
878 3783 1007 3858 invicte,
1020 3782 1197 3849 viventium

237 3885 481 3973 sapientissime,
511 3887 655 3951 omnium
685 3885 863 3971 largissime
893 3897 926 3950 et
956 3884 1198 3970 benignissime,

238 3987 365 4054 vivendi
377 3989 491 4067 forma,
503 3987 629 4053 virtutis
644 3988 820 4073 speculum,
835 3999 869 4053 et
882 3999 1001 4053 caetera
1015 3985 1198 4073 hujusmodi

238 4088 420 4177 importune
436 4090 571 4175 ingesta,
587 4112 694 4153 ιιοιιιιθ
716 4090 812 4175 plena
826 4100 912 4171 sunt,
927 4112 989 4153 non
1007 4099 1072 4151 tam
1088 4085 1199 4149 adula-

238 4191 332 4257 tionis
348 4192 435 4270 vitio,
437 4214 549 4310 quam
566 4191 715 4257 veneno?
754 4192 837 4256 Sunt
853 4192 940 4255 enirn
961 4188 1017 4276 qui
1038 4208 1097 4250 nec
1112 4207 1198 4249 scur-

239 4294 336 4360 rantis
360 4277 501 4382 speciem
527 4294 638 4372 vitant,
663 4316 764 4380 quum
794 4292 969 4358 amicitiam
999 4288 1198 4375 profitentur
