3309 5309
347 660 419 705 can.
435 640 531 720 xv11.]
707 658 962 704 ronucnarrcus.
1228 643 1293 703 889

345 813 411 875 Res
425 812 532 894 itaque
551 831 616 872 non
635 820 709 872 sunt
730 809 764 871 in
785 809 871 887 vitio,
886 809 943 873 sed
964 829 1049 872 usus.
1094 811 1139 872 Et
1159 819 1208 873 est
1221 809 1293 892 phi-

345 906 546 993 losophantis
568 908 667 972 enimi
689 909 809 971 fructus
830 909 957 988 nobilis,
979 929 1133 989 generosa
1154 908 1294 993 aequeni·

345 1013 441 1075 mites
462 1010 586 1074 mentis.
631 1010 716 1072 Nam
743 1009 770 1072 si
795 1030 838 1071 ex
862 1021 990 1093 stupore
1012 1017 1073 1085 est,
1095 1015 1132 1071 ut
1153 1010 1294 1093 aequani-

348 1114 441 1175 miter
470 1111 578 1175 omnia
613 1118 729 1193 portet,
757 1131 848 1173 mens
878 1131 963 1192 aegra
995 1112 1036 1175 ab
1070 1110 1298 1174 incolumitatis

349 1213 462 1276 virtute
488 1210 670 1292 degenerat.
724 1211 831 1282 Quum
856 1232 930 1274 vero
955 1211 1206 1295 philosophandi
1235 1211 1299 1273 sint

348 1315 458 1376 multae
473 1312 604 1388 semitae,
618 1311 674 1375 illa
694 1331 760 1393 pras
781 1310 896 1375 ceteris
915 1313 995 1375 mihi
1011 1311 1217 1376 videturesse
1237 1331 1297 1374 no·

349 1413 455 1489 bilior,
470 1420 503 1474 et
516 1410 719 1488 laudabilior,

455 1528 525 1590 Qua
536 1528 574 1580 sie
585 1527 696 1598 prandet
706 1526 762 1579 olus
773 1528 910 1598 patienter,
922 1528 1000 1580 rebus
1011 1533 1041 1581 ut
1052 1529 1091 1581 nti

455 1612 577 1678 Noverit,
588 1618 616 1664 et
627 1630 713 1664 rerum
724 1629 781 1681 que
794 1614 832 1665 sie
843 1618 959 1667 versatur
970 1614 998 1665 in
1009 1630 1067 1679 neu,

351 1732 386 1783 ut
400 1721 481 1797 olus,
493 1729 525 1782 et
539 1718 694 1802 quaelibet
711 1728 863 1782 extremae
878 1721 1073 1801 paupertatis
1087 1719 1194 1797 xenia,
1207 1719 1301 1783 docta

350 1822 470 1884 sitnon
485 1819 639 1883 fastidire·
679 1819 815 1883 Fructus
831 1821 989 1904 siquidem
1009 1821 1224 1904 Philosophiae
1242 1842 1299 1884 ex·

350 1921 445 1985 imius
460 1932 519 1998 est,
532 1931 568 1984 ut
582 1920 705 1983 noverit
720 1921 791 2004 quis
807 1920 981 1999 abundare,
993 1935 1025 1984 et
1039 1923 1205 2006 penuriam
1221 1922 1301 2004 pati,

351 2035 387 2086 ut
401 2025 476 2086 laeto
491 2022 599 2085 animo
615 2022 834 2104 aequanimiter
856 2023 963 2086 omnia
977 2032 1093 2107 portet,
1114 2035 1149 2086 ut
1170 2023 1300 2108 objecto

354 2125 465 2187 solidae
481 2123 604 2186 virtutis
617 2123 720 2201 obice,
733 2144 859 2186 omnem
872 2124 1028 2187 fortunam
1041 2135 1193 2189 exarmet.
1223 2124 1302 2187 Pro·

352 2225 439 2287 tecto
455 2223 599 2307 quisquis
615 2225 683 2287 haee
700 2235 890 2308 assequutus
904 2233 963 2303 est,
976 2247 1040 2288 non
1057 2236 1163 2310 sperat
1177 2237 1232 2289 aut
1246 2247 1302 2290 ex-

353 2325 499 2400 timescit,
514 2336 547 2388 et
564 2324 599 2387 in
620 2345 693 2387 eum
717 2344 843 2406 semper
865 2325 991 2388 fortuna
1014 2325 1167 2408 quaelibet
1190 2346 1303 2389 manca

352 2426 424 2487 ruit.
469 2425 567 2504 Quid,
578 2425 681 2508 inquit
695 2425 839 2488 curiosus
854 2425 1066 2508 philosophiae
1080 2437 1302 2509 perscrutator,

353 2525 411 2588 tibi
434 2525 640 2608 philosophia
669 2524 823 2586 contulit?
866 2525 912 2586 Et
933 2524 1125 2608 Aristippus,
1154 2525 1199 2588 Ut
1229 2545 1304 2588 cum

354 2626 514 2703 omnibus,
529 2624 583 2701 ait,
596 2624 781 2687 hominibus
794 2623 954 2707 intrepide
969 2623 1134 2686 fabularer.
1180 2624 1303 2707 Utique

355 2729 380 2791 si
400 2727 532 2790 honoris
552 2736 646 2802 esset,
661 2736 717 2788 aut
730 2727 891 2808 pecuniae,
904 2726 989 2789 reive
1012 2725 1140 2789 alterius
1155 2725 1304 2808 cupidus,

352 2833 416 2893 hoc
431 2826 563 2890 minime
576 2836 685 2910 posset
699 2826 850 2890 veraciter
863 2826 1065 2910 respondere.
1102 2825 1154 2889 Ad
1169 2827 1303 2890 salutem

353 2943 461 2994 tamen
472 2928 523 2991 via
531 2927 693 2992 tutissima
704 2937 764 3002 est,
777 2926 896 2992 divitiis
907 2937 940 2992 et
949 2930 1045 2992 rebus
1055 2927 1126 2991 aliis
1138 2927 1301 3011 expedito.

355 3028 588 3093 Difficillimum
608 3029 697 3091 enirn
717 3039 774 3106 est,
790 3039 826 3091 ut
840 3050 1060 3112 possessorum
1084 3029 1134 3091 sui
1156 3048 1220 3091 non
1244 3029 1303 3090 im-

354 3131 487 3215 pediant
503 3150 640 3192 cursum.
686 3129 767 3201 Quis
780 3131 884 3193 nescit
905 3130 1159 3214 Hippodamiam
1183 3151 1305 3214 pravo-

352 3233 436 3294 lasse
452 3230 493 3293 ad
508 3231 658 3313 palmam,
674 3230 750 3294 dum
766 3233 1019 3295 concertantium
1038 3253 1207 3315 procorum
1233 3253 1303 3296 cur·

353 3353 435 3406 sum,
451 3330 595 3414 projecto
618 3351 695 3394 auro
718 3331 823 3414 potuit
845 3328 1026 3395 retardare?
1050 3331 1173 3395 Mansit
1196 3330 1304 3415 itaque

353 3434 442 3513 virgo
456 3432 588 3507 invicta,
605 3431 709 3495 donec
727 3441 855 3495 ventum
870 3442 919 3496 est
933 3431 976 3495 ad
991 3433 1139 3516 pecuniae
1164 3442 1304 3498 contem-

352 3545 467 3608 torem,
483 3534 538 3616 qui
554 3533 587 3595 in
609 3542 775 3596 contemtu
796 3534 864 3597 auri
887 3534 1040 3614 virginem
1064 3535 1234 3617 superavit,
1249 3556 1305 3597 au·

355 3657 425 3697 rum
440 3633 591 3708 obtinuit,
607 3644 639 3695 et
656 3655 699 3696 ex
715 3655 754 3697 eo
777 3633 833 3709 (ut
854 3634 1001 3715 fingitur)
1019 3636 1194 3698 certatricis
1213 3637 1303 3718 puel·

354 3737 394 3798 lae
418 3755 526 3798 cereos
551 3753 630 3796 axes
654 3733 741 3810 fecit,
766 3734 843 3797 dum
866 3735 1114 3816 incorruptionis
1140 3756 1229 3798 arnor
1252 3758 1305 3819 pe-

353 3836 455 3898 cuniae
476 3854 615 3896 amorem
639 3834 813 3896 absorbuit.
859 3834 978 3897 Nonne
1002 3837 1064 3898 hoc
1087 3836 1195 3920 ipsum
1220 3858 1309 3900 com·

353 3936 483 4000 mendat
493 3934 654 4020 judicium
671 3934 746 4013 Dei,
762 3947 793 3998 et
805 3957 859 3999 eas
875 3937 1111 4002 contemtibiles
1122 3939 1208 4015 facit,
1220 3938 1307 4020 quod

352 4039 384 4101 in
396 4048 535 4119 egestate
548 4038 715 4116 bonorum,
730 4037 811 4120 ipsis
823 4037 924 4121 iniqui
941 4039 1098 4103 affluunt?
1135 4040 1185 4101 Fit
1196 4052 1302 4101 tamen

353 4139 511 4202 interdum
537 4140 646 4202 nescio
663 4161 727 4222 quo
743 4151 851 4223 pacto,
867 4153 903 4202 ut
918 4141 959 4202 ad
985 4140 1220 4202 subversionem
1238 4139 1306 4224 jus-

356 4250 469 4318 torum,
481 4261 514 4302 se
530 4239 576 4303 eis
591 4239 750 4318 ingerant,
762 4251 793 4300 et
810 4261 872 4320 quo
889 4238 1072 4318 diligentius
1085 4239 1310 4306 excluduntur,
