3309 5309
359 719 435 766 cae.
452 703 542 783 vua]
711 721 962 767 marcuarrcus.
1252 708 1315 766 245

357 891 459 953 quum
475 870 678 955 exigentibus
688 871 791 956 culpis
803 871 942 935 vindicta
952 869 1144 957 exposcitur,
1156 893 1193 933 ea
1208 886 1314 934 tamen

357 971 484 1055 peragit
506 971 608 1036 invita
626 972 749 1036 dextra.
795 972 958 1037 Sinistram
977 994 1115 1057 namque
1133 995 1196 1035 non
1216 971 1313 1034 babet

357 1070 518 1158 princeps,
534 1086 567 1136 et
588 1072 620 1135 in
640 1073 782 1137 cruciatu
806 1074 1020 1138 membrorum
1043 1077 1194 1159 corporis,
1215 1073 1309 1158 cujus

357 1168 425 1254 ipse
434 1183 533 1257 caput
543 1185 603 1248 est,
615 1172 677 1257 legi
689 1173 789 1238 tristis
799 1186 833 1237 et
840 1197 970 1258 gemens
979 1174 1163 1239 famulatur.
1186 1164 1308 1259 Philip

356 1290 419 1354 pus
433 1293 535 1356 quum
550 1272 690 1338 audisset
708 1274 857 1358 Phytiam
872 1273 1033 1358 quendam
1048 1274 1167 1338 bonum
1183 1296 1310 1360 pugna·

356 1380 469 1446 torem,
481 1371 653 1437 alienatum
668 1372 773 1435 animo
788 1373 861 1452 sibi,
871 1373 959 1457 quod
974 1385 1039 1436 tres
1054 1373 1133 1437 filias
1145 1373 1238 1458 inops
1253 1373 1306 1438 vix

354 1469 466 1546 aleret,
480 1494 537 1537 nec
551 1495 570 1536 a
585 1496 658 1558 rege
678 1472 896 1560 adjuvaretur,
910 1474 1113 1538 monentibus
1132 1474 1256 1554 amicis,
1272 1487 1308 1540 ut

354 1595 429 1636 eum
455 1587 598 1638 caveret:
634 1575 732 1652 Quid,
757 1573 862 1660 inquit
894 1575 1075 1662 Philippus,
1101 1575 1127 1638 si
1156 1574 1304 1639 haberem

353 1687 478 1758 partem
494 1676 632 1762 corporis
650 1700 779 1762 aegram,
794 1677 1066 1741 abscinderem-ne
1080 1676 1198 1762 potius,
1212 1699 1307 1761 quam

353 1780 523 1839 curarem?
554 1775 679 1841 Deinde
700 1777 898 1841 familiariter·
919 1790 1039 1841 secreto
1057 1775 1197 1840 elicitum
1222 1777 1308 1863 Phy-

353 1878 445 1952 tiam,
461 1891 590 1962 accepta
604 1877 793 1942 difficultate
812 1875 1031 1942 necessitatum
1052 1876 1309 1958 domesticarum,

354 1975 491 2058 pecunia
506 1976 695 2041 sufficienter
710 1977 874 2055 instruxit,
890 1999 927 2040 ac
941 1976 1101 2041 meliorem
1117 1977 1306 2042 fideliorem·

352 2099 418 2160 que
430 2076 553 2157 babuit,
563 2102 659 2164 quam
668 2080 773 2144 fuerat
783 2091 954 2164 antequam
966 2079 1147 2144 crederetur
1158 2079 1306 2145 offensus.

354 2177 401 2240 Ut
418 2177 561 2243 enimait
583 2179 716 2258 Lucius,
731 2179 911 2264 Principem
932 2201 1036 2242 senem
1057 2178 1200 2244 moribus
1221 2193 1305 2244 esset

353 2291 494 2364 oportet,
506 2292 537 2342 et
552 2280 608 2366 qui
620 2281 831 2346 moderatiora
845 2294 998 2367 sequatur
1011 2280 1151 2361 consilia,
1161 2293 1193 2346 et
1205 2282 1305 2346 vicem

352 2402 463 2462 gerere
478 2381 682 2463 medicorum,
694 2384 751 2469 qui
767 2385 895 2449 morbos
910 2396 1034 2461 curant,
1046 2406 1131 2449 nunc
1146 2404 1186 2447 ex
1202 2385 1305 2449 inani·

353 2481 441 2545 tione
452 2481 484 2544 in
500 2485 645 2568 oppletis,
655 2507 738 2550 nunc
749 2485 960 2548 refectionein
973 2485 1097 2557 vacuis3
1120 2498 1153 2547 et
1163 2485 1303 2550 dolorem

351 2580 464 2644 sedant
480 2604 564 2647 nunc
579 2584 729 2659 cauterio,
744 2607 830 2648 nnnc
845 2584 1004 2648 fomentis.
1043 2585 1203 2647 Praeterea
1218 2583 1258 2647 sit
1273 2584 1307 2648 iu

352 2686 450 2746 verbo
465 2683 610 2761 affabilis,
622 2685 788 2750 munificus
803 2685 835 2747 in
851 2683 1023 2758 beneficiis,
1036 2695 1068 2746 et
1082 2682 1216 2765 integrae
1230 2706 1306 2750 auc·
1355 2757 1357 2760 Α

351 2782 500 2862 toritatis,
515 2799 617 2849 servet
633 2788 665 2847 in
681 2786 822 2848 moribus
838 2783 1036 2869 dignitatem.
1069 2783 1200 2846 Famam
1216 2805 1304 2846 nam-

351 2906 418 2968 que
448 2884 652 2969 benignitatis
681 2883 826 2947 conciliat
860 2907 963 2947 sermo
990 2884 1104 2962 bonus,
1132 2897 1164 2948 et
1194 2884 1305 2970 lingua

349 2984 500 3068 gratiosa.
545 2989 693 3048 Amorem
713 2984 930 3050 fidelissimum
950 2998 982 3049 et
1004 2984 1304 3064 constantissimum,

349 3083 446 3147 etiam
475 3105 493 3144 a
519 3081 701 3146 durioribus
731 3098 924 3168 extorquent
954 3083 1118 3159 beneficia,
1144 3097 1175 3147 et
1207 3106 1302 3168 quem

348 3185 463 3258 secere,
474 3183 584 3247 fovent
596 3197 628 3247 et
640 3185 786 3249 solidant.
814 3187 858 3249 Et
871 3208 994 3249 morum
1007 3185 1156 3268 dignitati
1167 3185 1304 3250 debetur

347 3283 526 3347 reverentia
550 3284 762 3348 subditorum.
806 3286 946 3370 Egregie
970 3286 1101 3370 quidem
1128 3287 1300 3371 Trajanus,

347 3384 516 3470 gentilium
554 3387 696 3471 optimus
725 3393 957 3470 Augustorum,
986 3388 1193 3472 arguentibus
1227 3411 1300 3454 eum

348 3486 470 3561 amicis,
493 3486 580 3570 quod
605 3487 636 3548 in
663 3509 772 3550 omnes
793 3486 939 3563 nimium,
962 3500 994 3551 et
1017 3486 1101 3550 ultra
1123 3511 1220 3573 quam
1242 3491 1301 3554 im-

348 3599 526 3670 peratorem
557 3586 682 3665 deceat,
708 3587 885 3651 communis
914 3601 1006 3668 esset,
1035 3589 1218 3673 respondit:
1260 3594 1300 3655 Se

348 3689 445 3749 talem
468 3684 547 3748 velle
569 3684 792 3771 imperatorem
816 3709 883 3751 esse
904 3687 1051 3771 privatis,
1066 3689 1177 3773 quales
1200 3691 1300 3775 impe-
1370 3708 1373 3712 ’

349 3797 471 3849 ratores
494 3785 553 3849 sibi
575 3809 652 3864 esse,
668 3787 814 3872 privatus
835 3800 985 3873 optasset.
1033 3791 1127 3854 Unde
1142 3803 1173 3853 et
1196 3791 1299 3858 relatu

350 3886 447 3950 Plinii
474 3886 609 3950 Secundi
639 3888 833 3966 admonitus,
860 3890 915 3974 qui
948 3903 1025 3954 tunc
1055 3891 1139 3956 inter
1168 3907 1300 3959 caeteros

344 3987 470 4071 judices
485 4001 698 4073 persequutor
721 3989 875 4054 Ecclesiae
898 3991 1074 4057 destinatus
1089 4009 1167 4069 erat,
1184 4019 1203 4058 a
1224 4020 1299 4059 nece

348 4101 525 4174 martyrum
549 4091 804 4175 persequutionis
821 4092 963 4177 gladium
981 4117 1141 4172 revocans,
1158 4096 1297 4159 edictum

347 4190 547 4275 temperavit.
584 4192 628 4254 Et
640 4191 722 4255 forte
734 4215 806 4255 cum
819 4193 968 4257 fidelibus
979 4196 1094 4277 egisset
1107 4194 1225 4269 mitius,
1238 4195 1296 4258 nisi

344 4290 541 4356 decessorum
556 4314 686 4356 suorum
702 4293 826 4376 legibus
838 4308 869 4357 et
883 4294 1046 4379 exemplis
1057 4307 1088 4357 et
1100 4295 1296 4377 prudentum
