3309 5309
348 695 419 742 car.
436 681 491 756 11.]
697 697 952 745 conveniamus.
1237 686 1300 744 268

347 847 489 914 rationis.
534 851 585 914 Ea
600 870 674 912 vero
690 872 761 934 quae
781 849 903 912 cultum
918 845 1079 931 religionis
1099 848 1132 910 in
1148 848 1239 913 nobis
1253 849 1300 912 in-

347 947 497 1027 stituunt,
512 961 546 1015 et
566 949 750 1024 informant,
766 962 798 1015 et
820 950 882 1015 Dei
904 950 955 1028 (ne
974 949 1148 1014 secundum
1170 949 1299 1014 Plutar-

346 1048 443 1114 chum
451 1054 592 1116 Deorum
604 1051 718 1132 dicam)
730 1051 1175 1126 ceremoniastraduntvicem
1185 1050 1298 1114 animae

345 1151 378 1214 in
393 1174 526 1238 corpore
541 1152 741 1238 Reipublicae
762 1150 917 1217 obtinent.
964 1151 1040 1216 Illos
1054 1175 1139 1227 vero,
1155 1153 1214 1238 qui
1228 1152 1300 1216 reli-

347 1250 451 1335 gionis
461 1253 563 1319 cultui
574 1265 730 1340 praesunt,
742 1256 833 1340 quasi
845 1254 981 1317 animam
993 1253 1134 1339 corporis
1142 1253 1298 1340 suspicere

347 1369 380 1417 et
395 1356 536 1420 venerari
556 1368 695 1442 oportet.
740 1354 821 1430 Quia
836 1358 920 1419 enim
942 1354 1118 1418 sanctitatis
1139 1354 1299 1420 ministros

347 1454 409 1519 Dei
426 1455 526 1540 ipsius
547 1458 680 1522 vicarios
697 1479 763 1521 esse
787 1456 947 1541 ambigit?
972 1455 1074 1519 Porro
1093 1459 1175 1521 sicut
1194 1457 1299 1521 anima

348 1556 449 1622 totius
463 1557 559 1623 habet
574 1558 714 1645 corporis
728 1558 965 1643 principatum:
988 1557 1076 1621 itaet
1091 1557 1136 1633 bi,
1153 1582 1231 1643 quos
1244 1557 1299 1622 ille

349 1656 509 1743 religionis
523 1660 691 1746 praefectos
708 1671 809 1738 vocat,
825 1659 885 1725 toti
899 1659 1023 1743 corpori
1035 1673 1187 1744 proesunt.
1231 1662 1300 1725 Au·

348 1763 582 1843 gustusCaesar
591 1786 630 1827 eo
640 1785 742 1849 usque
753 1784 912 1826 sacrorum
922 1760 1127 1847 pontificibus
1135 1761 1301 1845 subjectus

350 1861 425 1940 fuit,
440 1863 540 1929 donec
560 1877 593 1930 et
608 1865 686 1951 ipse,
707 1888 746 1929 ne
767 1866 820 1929 cui
841 1863 969 1928 omnino
991 1862 1145 1942 subesset,
1168 1860 1302 1925 Vestalis

350 1975 476 2028 creatus
496 1979 543 2030 est
566 1965 726 2045 Pontifex,
748 1978 779 2031 et
802 1964 899 2050 paulo
921 1975 996 2049 post
1017 1964 1059 2026 ad
1082 1964 1168 2026 Deos
1182 1961 1302 2026 relatus

351 2075 398 2128 est
413 2064 515 2130 vivus,
559 2067 711 2153 Princeps
721 2090 794 2130 vero
808 2067 922 2152 capitis
936 2066 969 2128 in
985 2064 1163 2152 Republica
1176 2064 1300 2128 obtinet

351 2165 466 2248 locum,
482 2169 538 2232 uni
554 2169 718 2255 subjectus
733 2172 815 2247 Deo,
827 2182 859 2234 et
871 2169 921 2232 his
936 2172 994 2255 qui
1004 2172 1088 2233 vices
1102 2167 1188 2233 illius
1199 2179 1301 2252 agunt

352 2265 384 2330 in
399 2268 503 2350 terris,
526 2272 675 2356 quoniam
697 2283 729 2336 et
752 2272 783 2335 in
807 2271 947 2336 humano
969 2294 1113 2358 corpore,
1134 2270 1175 2334 ab
1197 2272 1302 2334 anima

353 2382 520 2452 vegetatur
548 2384 700 2458 caputet
726 2373 859 2457 regitur.
905 2373 1020 2438 Cordis
1041 2372 1146 2437 locum
1176 2383 1302 2436 senatus

353 2468 487 2546 obtinet,
503 2493 595 2556 aquo
602 2472 759 2535 bonorum
769 2494 902 2556 operum
917 2472 1113 2537 etmalorum
1125 2471 1302 2556 procedunt

354 2569 454 2633 initia.
477 2572 665 2646 Oculorum,
677 2571 815 2648 aurium,
825 2583 856 2634 et
868 2571 989 2654 linguae
1000 2570 1113 2645 officia,
1125 2570 1184 2633 sibi
1193 2569 1303 2633 vendi·

354 2685 429 2736 cant
446 2673 572 2757 judices
594 2687 626 2738 et
648 2671 799 2757 praesides
821 2671 1067 2755 provinciarum.
1092 2668 1249 2733 Officiales
1271 2684 1303 2734 et

351 2772 469 2838 milites
495 2776 642 2838 manibus
665 2784 867 2856 coaptantur.
913 2772 976 2848 Qui
1000 2791 1122 2855 semper
1144 2769 1303 2834 adsistunt

352 2874 502 2960 principi,
521 2872 674 2936 lateribus
694 2869 917 2935 assimilantur.
963 2871 1145 2947 Quaestores
1166 2884 1199 2935 et
1221 2892 1305 2934 com-

351 2974 588 3050 mentarienses,
611 2994 673 3035 non
694 2971 765 3037 illos
779 2971 851 3035 dico
872 2975 929 3057 qui
946 2972 1127 3037 carceribus
1147 2983 1303 3058 praesunt,

352 3077 408 3142 aed
432 3077 562 3138 comites
576 3096 681 3137 rerum
705 3072 914 3159 privatarum,
930 3074 969 3138 ad
992 3075 1111 3138 ventris
1132 3086 1164 3138 et
1182 3075 1305 3138 intesti-

353 3197 471 3242 norum
492 3175 589 3240 refert
610 3175 791 3259 imaginem.
836 3177 917 3252 Quae
934 3176 961 3241 si
976 3175 1128 3240 immensa
1150 3175 1303 3240 aviditate

355 3275 581 3362 congesserint,
603 3290 635 3341 et
657 3288 807 3361 congesta
830 3277 971 3340 tenacius
996 3276 1235 3357 reservaverint,
1255 3277 1305 3340 in·

353 3380 566 3445 numerabiles
580 3392 612 3445 et
634 3379 824 3445 incurabiles
839 3391 991 3464 generant
1013 3380 1151 3458 morbos,
1174 3392 1211 3445 ut
1226 3380 1306 3444 vitio

356 3505 466 3546 eorum
482 3483 580 3548 totius
595 3482 735 3568 corporis
749 3481 843 3545 ruina
857 3481 1029 3546 immineat.
1043 3516 1046 3520 Δ
1073 3481 1215 3545 Pedibus
1230 3501 1306 3545 vero

355 3584 422 3649 solo
431 3584 554 3670 jugiter
565 3583 804 3662 inhaerentibus,
813 3582 960 3668 agricolae
970 3594 1171 3668 coaptantur,
1185 3582 1305 3668 quibus

354 3686 468 3772 capitis
496 3686 697 3772 providentia
720 3698 810 3750 tanto
838 3685 941 3770 magis
963 3683 1136 3748 necessaria
1157 3695 1217 3761 est,
1240 3707 1306 3771 qno

355 3792 450 3876 plura
464 3787 629 3852 inveniunt
644 3787 845 3861 offendicula,
857 3788 935 3851 dum
950 3787 982 3850 in
998 3785 1152 3871 obsequio
1166 3790 1307 3872 corporis

356 3890 389 3953 in
419 3901 503 3953 terra
531 3889 732 3973 gradiuntur,
762 3891 872 3973 eisque
897 3889 1019 3976 justius
1049 3899 1305 3972 tegumentorum

357 3990 493 4054 debetur
505 3991 704 4074 suffragium,
720 3989 775 4076 qui
792 3993 892 4054 totius
902 3989 1042 4075 corporis
1056 3989 1196 4073 erigunt,
1213 3986 1307 4051 susti-

354 4105 442 4168 nent,
453 4105 486 4156 et
497 4092 820 4178 promoventmolem.
846 4093 969 4157 Pedum
986 4091 1180 4156 adminicula
1194 4087 1306 4149 robus-

353 4194 475 4258 tissimo
496 4216 627 4278 corpore
650 4193 735 4272 tolle,
750 4193 959 4258 suis'viribus
980 4214 1043 4255 non
1065 4186 1227 4274 procedet,
1251 4186 1307 4250 sed

355 4306 412 4358 aut
443 4292 592 4378 turpiter,
622 4292 790 4368 inutiliter,
816 4304 847 4354 et
870 4295 1000 4355 moleste
1028 4287 1175 4353 manibus
1204 4298 1305 4370 repet,

1223 4671 1229 4683 ,

1207 4734 1212 4749 Ι

1184 4760 1192 4773 d

1145 4792 1147 4797 .
1172 4781 1192 4809 μ

1166 4817 1183 4827 ¹·
