3309 5309
467 635 529 695 124
738 647 873 692 maurus
891 647 1171 693 saansaaararrsrs
1283 631 1366 710 [tur.
1384 653 1419 696 u.

469 811 570 876 erant,
593 798 710 863 mutari
731 820 793 861 non
814 796 989 884 poterant?
1012 800 1093 862 Haec
1113 820 1243 884 quoque
1264 801 1422 866 sententia

468 921 526 964 uec
541 901 704 985 gentilium
722 900 929 987 philosophos
944 900 1047 979 latuit,
1064 901 1120 987 qui
1140 901 1281 967 fatorum
1308 902 1418 967 seriem

469 1003 581 1067 dicunt
602 1002 807 1082 immobilem,
828 1026 892 1066 non
914 1007 990 1089 quia
1013 1003 1132 1067 moveri
1148 1025 1210 1067 non
1231 1005 1342 1090 possit,
1365 1005 1421 1069 sed

469 1105 545 1192 quia
567 1105 682 1169 moseri
702 1105 831 1168 omuino
853 1128 914 1169 non
936 1106 1102 1192 contingit.
1148 1108 1235 1172 Hinc
1253 1121 1301 1171 est
1316 1106 1417 1171 illud:

671 1215 752 1266 Exire
763 1232 780 1265 a
791 1214 883 1266 mediis
895 1216 978 1286 potuit
991 1215 1128 1267 Pharsalia
1138 1215 1208 1269 fatis.

468 1312 615 1396 Itemque
630 1309 800 1395 poeticum,
810 1331 877 1395 quo
888 1332 981 1373 senex
999 1312 1204 1376 Carnotensis
1217 1312 1249 1376 in
1262 1312 1417 1398 angustiis

466 1412 604 1475 fortuma
619 1411 818 1497 frequentius
835 1412 996 1488 utebatur,

670 1520 739 1572 Fata
750 1521 819 1573 viam
831 1522 971 1586 invenient,
991 1524 1037 1577 &a

468 1619 548 1694 Quae
563 1640 638 1681 vero
651 1616 758 1701 elapsa
773 1628 857 1695 suut,
872 1630 903 1681 et
920 1617 1059 1680 secundo
1073 1616 1289 1703 dispositionis
1301 1619 1416 1685 effectu

467 1719 635 1805 completa,
649 1718 836 1783 naturaliter
850 1719 981 1804 quidem
998 1741 1059 1782 non
1076 1734 1208 1805 possunt
1222 1742 1284 1783 non
1300 1720 1416 1797 luisse3

467 1820 537 1884 licet
561 1819 639 1884 nihil
662 1842 797 1883 asserere
818 1819 851 1882 in
872 1819 1026 1884 alterutro
1047 1819 1181 1883 audeam
1203 1820 1237 1883 in
1267 1820 1417 1907 injuriam

466 1922 671 2008 disponentis.
710 1909 769 1986 'Ait
790 1934 895 1985 tamen
917 1921 1081 1986 doctorum
1105 1921 1304 1988 doctissimus
1328 1924 1418 2003 (Hie-

466 2046 633 2110 ronymum
655 2022 780 2105 loquor)
797 2022 959 2087 Audenter
973 2027 1098 2108 loquar,
1113 2023 1187 2088 licet
1204 2024 1295 2089 Deus
1309 2026 1417 2091 omnia

465 2124 575 2211 possit,
602 2124 755 2206 virginem
782 2136 885 2187 tamen
912 2138 984 2210 post
1014 2124 1136 2188 ruinam
1168 2125 1321 2191 suscitare
1351 2149 1414 2191 non

465 2239 580 2312 potest.
646 2226 754 2288 Potest
789 2236 894 2288 tamen
932 2249 1081 2291 coronare
1115 2241 1310 2313 corruptam.
1370 2232 1415 2294 Et

463 2325 593 2412 quidem
617 2322 836 2388 diffinitionem
868 2325 1010 2410 virginis,
1034 2326 1144 2391 eodem
1174 2328 1416 2415 interpretante,

464 2424 637 2511 Apostolus
652 2423 753 2509 ponit,
767 2434 803 2489 ut
819 2422 860 2488 sit
881 2426 971 2509 virgo
993 2447 1066 2512 quar
1085 2438 1192 2492 sancta
1213 2441 1262 2492 est
1284 2452 1415 2516 corpore

464 2542 495 2593 et
527 2526 651 2613 spiritu.
707 2523 769 2588 Sed
798 2526 1009 2611 proculdubio
1039 2529 1128 2592 Deus
1158 2540 1190 2593 et
1220 2530 1415 2596 sanctificare

463 2630 598 2695 animam
628 2627 813 2703 virtutibus,
841 2641 872 2693 et
901 2652 1025 2693 carnem
1057 2643 1161 2716 potest
1199 2632 1415 2718 redintegrare

462 2744 656 2817 corruptam,
671 2741 707 2793 ut
731 2739 798 2792 tota
820 2728 997 2793 substantia
1019 2731 1067 2793 sui
1090 2730 1188 2794 videri
1211 2733 1324 2817 possit,
1339 2757 1412 2820 quae

464 2833 631 2908 ceciderat,
654 2829 816 2895 suscitata.
870 2828 967 2903 Quod
990 2834 1027 2908 si,
1050 2833 1187 2897 oratorio
1209 2847 1303 2920 tropo
1326 2859 1413 2914 usus,

463 2935 620 3001 intellexit
649 2956 723 3020 quae
751 2932 883 2996 fuerunt
912 2955 974 2996 non
1005 2957 1094 3020 posse
1120 2957 1181 2999 non
1209 2937 1319 3016 fuisse,
1350 2962 1412 3004 aon

463 3061 588 3103 necesse
602 3036 666 3101 fuit
688 3035 727 3099 ad
745 3034 898 3120 virginem
914 3049 1104 3120 prostratam
1125 3060 1298 3121 recurrere,
1312 3065 1412 3128 quum

462 3145 494 3207 in
524 3139 693 3228 praeteritis
721 3138 870 3202 omnibus
904 3137 998 3201 simili
1027 3140 1182 3204 sententia
1216 3142 1267 3206 vel
1297 3166 1411 3219 errore,

462 3243 523 3307 hoc
531 3242 613 3305 idem
625 3238 762 3326 potuerit
775 3237 920 3301 inveniri.
956 3238 1149 3302 Sententiam
1163 3262 1238 3303 vero
1253 3242 1294 3305 ab
1309 3266 1412 3308 errore

462 3348 595 3411 scienter
604 3344 724 3422 divido,
739 3367 777 3408 eo
790 3343 876 3428 quod
889 3343 1043 3407 sententia
1053 3367 1176 3429 semper
1191 3343 1309 3418 habere
1318 3346 1412 3413 debet

461 3446 603 3511 veritatis
625 3444 894 3529 significationem.
942 3447 1031 3509 Sicut
1060 3446 1146 3532 apud
1170 3458 1315 3513 sanctum
1345 3451 1410 3518 Job

460 3547 601 3613 invenis:
626 3546 704 3623 Quis
719 3559 765 3609 est
780 3546 840 3610 iste
854 3546 1019 3610 involvens
1034 3548 1205 3614 sententias
1214 3552 1410 3617 sermonibus

461 3647 640 3735 imperitis?
664 3647 728 3712 Sed
750 3647 832 3711 forte
855 3649 1045 3732 virginitatis
1069 3650 1184 3737 aliquis
1209 3654 1329 3737 gradus
1353 3668 1410 3732 est,

460 3771 556 3837 quem
568 3748 759 3833 impossibile
771 3762 1194 3837 estoquacunquecorrupta
1204 3756 1409 3841 apprehendi.

461 3850 555 3930 Quod
571 3860 676 3911 autem
686 3849 837 3933 possibile
846 3851 975 3928 dicitur,
993 3852 1150 3916 interdum
1162 3853 1202 3917 ad
1212 3854 1409 3936 facilitatem,

459 3977 534 4044 quae
557 3950 690 4035 singulis
711 3950 803 4028 inest,
833 3952 882 4014 vel
912 3976 951 4016 ex
975 3953 1113 4019 fortunae
1136 3954 1270 4035 calculo,
1293 3957 1343 4021 vel
1369 3981 1408 4022 ex

459 4053 640 4146 aptitudine
651 4050 875 4136 dispositionis,
889 4054 1036 4131 refertur,
1049 4056 1243 4142 quandoque
1256 4058 1297 4123 ad
1310 4060 1410 4145 ipsam

458 4181 564 4225 rerum
592 4166 735 4218 naturam
760 4153 898 4237 respicit,
928 4178 1012 4220 nunc
1037 4158 1076 4221 ad
1107 4157 1226 4223 fontem
1257 4161 1409 4237 omnium,

458 4262 596 4326 divinam
614 4254 785 4321 reflectitur
800 4258 1005 4342 majestatem,
1019 4283 1038 4323 a
1053 4283 1117 4345 qua
1128 4262 1230 4325 omnis
1241 4286 1304 4327 nou
1318 4263 1410 4329 modo
