3309 5309
687 689 829 736 car.
861 671 983 751 vn]
1403 687 1911 733 POLYCRATICUS.
2466 674 2592 732 27⁷

689 984 852 1066 Cap.
887 987 948 1045 6.
995 981 1102 1044 De
1135 981 1440 1062 principe
1482 982 1596 1062 qui
1638 985 1838 1060 caput
1880 985 1973 1042 eet
2014 979 2391 1060 reipublic-ce,
2423 984 2485 1040 et
2523 978 2600 1040 de

777 1083 1079 1146 eleccione
1119 1081 1282 1160 eju-3,
1322 1086 1386 1143 et
1425 1082 1799 1162 privileg-5228,
1829 1088 1890 1142 et
1928 1082 2199 1161 proemio
2241 1081 2503 1142 virtutis
2540 1084 2604 1142 et

780 1185 989 1265 culpas
1014 1207 1038 1255 ‚·
1085 1187 1149 1245 'et
1174 1182 1345 1263 quod
1381 1181 1633 1245 beatum
1674 1182 1796 1244 Job
1838 1181 2056 1245 debeat
2095 1184 2380 1246 imitari:
2425 1187 2489 1244 et
2526 1180 2602 1244 de

782 1281 1139 1346 virtutibus
1165 1281 1336 1344 beati
1359 1282 1498 1344 Job.
1697 1272 1707 1280 ’

791 1443 1141 1510 Snourrun
1192 1451 1268 1505 ut
1312 1441 1451 1525 ejus
1496 1439 1818 1504 imitantes
1862 1439 2129 1523 vestigia
2171 1440 2252 1503 de
2304 1438 2602 1504 membris

707 1542 1107 1628 Reipublicae
1146 1541 1588 1628 despiciamus·
1678 1541 1942 1605 Dictum
1985 1556 2079 1605 est
2120 1554 2332 1606 autem
2372 1542 2605 1628 princi-

700 1667 848 1728 pem
880 1644 1089 1708 locum
1133 1644 1422 1708 obtinere
1464 1641 1713 1728 capitiS,
1742 1653 1806 1705 et
1853 1644 1961 1726 qui
2004 1640 2201 1705 solius
2240 1641 2470 1706 mentis
2511 1664 2607 1705 re-

703 1760 897 1832 gatur
942 1745 1229 1810 arbitrio.
1335 1748 1534 1810 Hunc
1580 1747 1827 1828 itaque,
1883 1758 1956 1807 ut
2001 1743 2138 1828 jam
2190 1742 2432 1806 dictum
2487 1756 2607 1820 est,

705 1848 1038 1933 dispositio
1069 1847 1286 1911 divina
1313 1848 1380 1911 in
1413 1870 1555 1914 arce
1588 1846 1954 1933 reipublicae
1983 1846 2339 1928 collocavit,
2367 1859 2431 1912 et
2460 1870 2607 1911 eum

708 1973 880 2015 nuuc
908 1972 1138 2014 arcano
1167 1949 1587 2037 providentiae
1617 1972 1751 2014 suoe
1794 1950 2120 2035 mysterio,
2164 1950 2409 2015 caeteris
2451 1972 2614 2036 prae-

710 2053 857 2133 fert,
884 2075 1054 2116 nunc
1083 2054 1269 2139 quasi
1300 2075 1558 2116 suorum
1593 2052 1841 2140 judicio
1871 2052 2297 2131 sacerdotum,
2326 2074 2496 2116 nunc
2526 2052 2611 2117 ad

709 2176 854 2218 eum
913 2153 1388 2241 praeficiendum
1453 2158 1654 2220 totius
1713 2154 1939 2242 populi
1998 2167 2149 2220 vota
2208 2169 2617 2221 concurrunt.

712 2257 906 2322 Unde
949 2270 1014 2322 et
1057 2257 1122 2321 in
1154 2257 1350 2322 veteri
1399 2260 1810 2322 Testamento
1855 2256 2113 2341 legitur,
2161 2257 2315 2344 quia
2357 2262 2618 2344 Moyses

714 2358 1125 2426 ordinaturus
1163 2382 1332 2435 eum,
1367 2359 1478 2446 qui
1507 2373 1807 2446 praeesset
1847 2359 1912 2422 in
1956 2360 2217 2447 populo,
2247 2362 2620 2425 convocavit

713 2482 959 2523 omnem
1008 2483 1419 2546 synagogam,
1456 2474 1528 2524 ut
1573 2461 1915 2546 eligeretur
1960 2474 2207 2525 astante
2246 2461 2507 2547 popu10‚
2538 2484 2619 2525 ne

718 2583 849 2644 qua
865 2559 1267 2645 postmodum
1290 2559 1654 2625 retractatio
1676 2558 1999 2644 cuiquam,
2020 2580 2099 2621 ne
2118 2559 2263 2644 quis
2282 2560 2621 2643 scrupulus

714 2662 1038 2728 resideret.
1132 2663 1403 2747 Legitur
1446 2664 1512 2724 in
1559 2660 1723 2725 libro
1768 2663 2044 2741 Regum,
2083 2657 2256 2745 quod
2306 2661 2463 2726 Saul
2507 2682 2623 2724 rex

716 2764 1004 2841 futurus,
1034 2786 1347 2849 apparens
1375 2766 1443 2826 in
1472 2761 1632 2825 facie
1671 2759 1917 2846 populi,
1946 2761 2029 2825 ab
2056 2760 2340 2825 humeris
2370 2785 2623 2827 sursum

719 2864 1232 2953 supereminebat
1276 2866 1644 2928 universum
1695 2865 2030 2948 populum.
2121 2867 2335 2937 Quare
2382 2888 2625 2950 quaeSO,

719 2968 836 3032 nisi
871 2967 1029 3051 quia
1055 2985 1243 3047 quem
1277 2977 1532 3048 oportet
1559 2988 1830 3050 praeesse
1860 2964 2023 3042 aliis,
2053 2976 2311 3051 pectore
2340 2966 2530 3031 debet
2560 2981 2625 3032 et

715 3093 829 3134 ore
858 3066 1238 3152 prominere,
1269 3078 1343 3131 ut
1372 3068 1558 3153 quasi
1587 3067 1902 3131 bonorum
1934 3089 2199 3153 operum
2231 3067 2400 3132 ulnis
2431 3068 2630 3134 totius

717 3165 947 3256 populi
1006 3166 1411 3233 latitudinem
1485 3168 1837 3254 amplexari
1891 3167 2121 3244 valeat,
2170 3181 2235 3232 et
2293 3181 2626 3254 protegere

723 3284 1031 3355 tanquam
1085 3269 1354 3348 doctior,
1403 3274 1700 3347 sanctior,
1753 3270 2290 3356 circumspectior,
2342 3283 2407 3336 et
2456 3273 2628 3337 omni

726 3371 959 3436 virtute
987 3372 1431 3456 praestantior?
1479 3373 1658 3438 Dicit
1687 3374 1852 3438 enim
1876 3373 2190 3438 Dominus
2211 3374 2294 3438 ad
2324 3375 2627 3460 Moysen:

726 3479 996 3540 Assume
1025 3474 1107 3539 ad
1140 3476 1542 3562 temetipsum
1569 3478 1615 3539 J
1618 3497 1797 3541 esum
1830 3476 2033 3539 filium
2068 3477 2292 3558 Navae,
2313 3477 2630 3543 hominem

729 3576 842 3661 qui
899 3575 1091 3640 habet
1155 3577 1467 3661 Spiritum
1522 3578 1646 3643 Dei
1697 3579 1762 3642 in
1816 3577 2175 3664 semetipso,
2227 3590 2293 3644 et
2348 3579 2634 3666 impones

728 3699 952 3743 manus
1003 3690 1146 3745 tuas
1199 3702 1391 3767 super
1434 3703 1603 3756 eum,
1649 3694 1715 3745 et
1760 3692 2002 3746 statues
2053 3703 2264 3745 coram
2319 3682 2635 3749 Eleazaro

730 3779 1074 3856 sacerdote,
1121 3793 1186 3845 et
1238 3795 1558 3869 praecepta
1611 3784 1670 3846 ei
1721 3783 1874 3848 dato
1920 3781 1984 3846 in
2036 3797 2384 3870 conspectu
2438 3787 2638 3852 totius

732 3903 1095 3967 synagogae,
1144 3895 1208 3948 et
1255 3885 1531 3970 praecipe
1584 3885 1668 3950 de
1724 3886 1866 3971 ipso
1914 3908 2125 3951 coram
2172 3885 2284 3965 eis,
2336 3901 2400 3954 et
2452 3887 2637 3954 dabis

731 3981 1084 4047 claritatem
1131 3995 1305 4048 tuam
1355 4007 1546 4071 super
1594 3985 1801 4065 illum,
1850 3998 1926 4052 ut
1977 3987 2245 4053 audiant
2288 3987 2491 4073 illum*
2520 3988 2638 4053 filii

738 4083 956 4148 Israel.
1049 4085 1256 4150 Audis
1298 4087 1625 4153 evidenter
1668 4090 2131 4154 ordinationem
2177 4088 2480 4175 principis
2522 4111 2639 4174 po·

734 4185 872 4271 puli
918 4199 1046 4252 tam
1097 4189 1427 4255 manifeste
1469 4191 1876 4276 descriptam,
1928 4206 2000 4254 ut
2044 4214 2200 4278 pene
2248 4187 2645 4274 expositione

736 4308 863 4349 non
909 4301 1117 4372 egeat.
1214 4290 1282 4354 Si
1326 4312 1463 4354 eam
1509 4302 1721 4354 tamen
1771 4290 2160 4354 manifestius
2200 4286 2461 4374 quain,
2552 4368 2554 4371 v
