3309 5309
474 649 516 708 70
736 659 872 704 ausurus
888 656 1166 703 sxaasnnmunsrs
1293 639 1377 719 [ura.
1395 662 1433 704 rr.

477 821 654 895 superesset
669 833 705 873 ac
720 808 892 894 lacrymas:
929 823 961 874 et
983 810 1125 874 omnium
1146 810 1223 876 licet
1244 811 1435 876 acerbitates

477 935 582 977 rerum
598 923 762 998 superaret
782 911 893 987 fames,
909 911 987 977 nibil
1010 927 1116 977 tamen
1132 913 1178 977 ita
1192 912 1320 979 subruit
1334 925 1434 1000 atque

478 1015 650 1095 subvertit,
666 1015 747 1078 sicut
770 1014 1004 1078 verecundiam.
1051 1014 1211 1100 Quicquid
1234 1015 1317 1078 enim
1340 1014 1434 1080 salvis

479 1116 574 1181 rebus
589 1115 713 1203 pudore
735 1116 867 1202 dignum
891 1130 951 1194 est,
967 1117 999 1181 id
1021 1118 1052 1180 in
1076 1117 1136 1182 hac
1156 1119 1343 1183 necessitate
1362 1139 1436 1181 con-

479 1220 642 1286 temnitur.
688 1221 837 1306 Denique
859 1236 892 1285 et
915 1243 1031 1284 uxores
1051 1219 1091 1284 de
1113 1221 1254 1285 virorum
1276 1221 1435 1302 manibus,

478 1336 509 1386 et
536 1322 594 1387 filii
618 1321 658 1386 de
683 1336 864 1409 pareutum,
888 1337 920 1387 et
945 1323 1031 1410 quod
1054 1335 1101 1389 est
1124 1323 1294 1403 infelicius,
1316 1336 1435 1388 matres

477 1424 565 1488 cibos
581 1424 620 1487 de
635 1424 841 1510 parvulorum
858 1425 1003 1489 manibus
1018 1437 1116 1511 atque
1132 1448 1187 1488 ore
1208 1424 1387 1511 rapiebant,
1402 1437 1433 1490 et

479 1550 578 1612 quum
608 1526 779 1592 dulcissimi
807 1526 911 1608 liberi,
938 1527 968 1591 in
994 1528 1141 1592 manibus
1163 1539 1262 1613 atque
1283 1537 1357 1590 ante
1378 1549 1435 1594 ora

478 1630 572 1716 positi
600 1633 806 1712 tabescerent,
830 1631 948 1716 exigua
972 1631 1047 1696 vitae
1073 1629 1216 1695 subsidia
1241 1653 1261 1695 a
1284 1629 1435 1695 dentibus

477 1732 553 1818 ipsis
572 1734 709 1798 eximere
732 1756 824 1797 nemo
844 1734 1003 1819 parcebat
1052 1732 1169 1796 Verum
1193 1755 1232 1796 ne
1254 1732 1340 1817 ipsos
1363 1731 1433 1818 qui..

477 1836 548 1900 dem
565 1836 715 1914 infelices,
730 1849 761 1898 et
777 1838 967 1920 perexiguos
983 1847 1143 1899 sumentes
1164 1834 1306 1898 latebant
1323 1834 1429 1899 cibos:

477 1937 532 2000 sed
559 1936 710 2000 continuo
736 1933 846 1998 aderat
872 1933 1057 2020 praedonum
1086 1935 1169 2021 quis,
1197 1947 1229 1998 et
1256 1937 1365 1999 statim
1397 1947 1433 1999 ut

476 2035 599 2098 clausas
620 2036 799 2120 cujuspiam
826 2035 1041 2120 conspexisset
1064 2036 1159 2112 fores,
1183 2035 1336 2099 indicium
1364 2058 1434 2102 cre-

478 2137 574 2199 debat
597 2136 656 2199 hoc
679 2159 756 2212 esse,
779 2135 868 2221 quod
890 2137 1080 2202 intrinsecus
1105 2138 1201 2223 positi
1228 2137 1380 2218 ederent;
1401 2150 1433 2203 et

478 2251 607 2323 repente
623 2237 791 2324 despicatis
804 2239 936 2315 foribuS,
949 2241 1131 2326 praccipites
1146 2241 1322 2316 irruebant,
1335 2255 1434 2328 atque

479 2341 520 2405 ab
535 2341 623 2427 ipsis,
649 2354 684 2404 ut
704 2340 749 2404 ita
771 2341 886 2420 dicam,
901 2342 1047 2407 faucibus
1068 2343 1292 2428 exprimentes,
1308 2345 1334 2408 si
1352 2344 1434 2429 quid

479 2445 562 2507 forte
574 2444 772 2528 insumptum
781 2445 849 2530 jam
860 2444 978 2522 fuerat,
990 2446 1192 2511 revocabant.
1216 2447 1435 2512 Verberantur

480 2568 577 2619 senes,
605 2548 629 2610 si
657 2547 764 2610 cibum
791 2547 958 2611 vendicare
985 2559 1172 2624 tentassent,
1195 2547 1313 2634 sparsis
1338 2548 1434 2612 etiam

478 2650 619 2714 crinibus
639 2649 787 2714 mulieres
810 2651 1032 2726 trahebantur,
1053 2654 1215 2715 occultare
1235 2653 1386 2727 nitentes,
1408 2650 1435 2715 si

479 2752 557 2837 quid
580 2753 663 2816 forte
686 2752 919 2838 deprehensum
942 2753 1054 2817 fuisset
1077 2752 1108 2815 iu
1132 2752 1288 2817 manibus.
1335 2751 1436 2817 Nulla

479 2853 607 2917 senibus
624 2853 810 2932 reverentia,
826 2854 915 2918 nulla
930 2878 1007 2939 erga
1022 2854 1173 2939 parvulos
1193 2854 1365 2934 miseratio,
1380 2853 1435 2918 sed

478 2955 511 3020 in
526 2956 644 3042 exiguo
659 2957 750 3041 panis
765 2958 944 3042 fragmento
964 2955 1115 3041 parvulos
1130 2956 1332 3031 inhaerentes,
1347 2969 1378 3021 et
1394 2978 1434 3022 ex

477 3060 548 3145 ipso
573 3059 625 3124 cui
648 3059 837 3124 inhaeserant
861 3080 1040 3144 suspensos,
1063 3056 1224 3122 elidebant
1246 3057 1279 3121 in
1306 3076 1434 3123 terram.

479 3167 518 3227 ln
534 3186 606 3227 eum
622 3186 709 3243 veru,
725 3163 781 3248 qui
802 3175 947 3248 raptores
966 3161 1037 3225 cibo
1052 3160 1258 3247 praevenisset
1274 3161 1434 3237 absumta,

478 3265 642 3330 crudelius
664 3267 849 3344 saeviebant,
870 3278 902 3329 et
925 3264 1150 3348 excogitabant
1171 3263 1242 3327 dira
1265 3263 1434 3350 supplicia,

478 3367 664 3432 obturantes
678 3367 859 3432 infelicibus
879 3365 1038 3431 naturales
1058 3366 1271 3451 digestionum
1289 3379 1415 3431 meatus
1424 3390 1435 3429 :-

478 3466 548 3531 aliis
570 3490 645 3530 vero
667 3482 844 3552 praeacutas
867 3466 961 3530 sudes
982 3490 1039 3552 per
1066 3468 1175 3532 eadem
1202 3467 1342 3532 verenda
1366 3467 1434 3535 adi-

480 3580 600 3653 gentes.
657 3568 817 3630 Horresco
845 3589 921 3652 quae
950 3580 1040 3652 gesta
1070 3579 1145 3633 sunt
1174 3570 1323 3635 referens.
1382 3568 1434 3636 Ad

479 3668 706 3733 confectionem
727 3681 799 3754 post
814 3669 884 3732 haec
900 3669 995 3733 unius
1010 3669 1111 3755 panis,
1126 3683 1183 3736 aut
1198 3671 1306 3756 cyathi
1321 3669 1437 3739 farina

481 3769 610 3834 miseros
630 3772 856 3858 perurgebant.
902 3775 986 3837 Nam
1008 3773 1070 3858 ipsi
1091 3785 1228 3838 tortores
1246 3795 1309 3836 non
1333 3775 1436 3858 patie-

480 3877 604 3941 bantur,
614 3874 740 3937 famem.
774 3876 870 3938 Esset
885 3877 968 3939 eninr
985 3874 1221 3961 quodammodo
1236 3875 1435 3941 tolerabilius

481 3974 505 4038 si
522 3973 590 4037 haec
605 3974 760 4059 compulsi
774 3975 880 4039 inedia
894 3977 997 4040 facere
1013 3977 1205 4042 viderentur.
1250 3977 1313 4043 Sed
1331 3989 1368 4042 ut
1385 3976 1436 4042 vel

480 4089 696 4163 praepararent
712 4077 774 4142 sibi
788 4077 819 4141 in
841 4097 1004 4163 posterum
1025 4078 1122 4155 cibos,
1138 4079 1190 4144 vel
1205 4094 1242 4144 ut
1262 4078 1438 4144 crudelitas

479 4179 630 4244 exercitio
659 4179 901 4257 convalesceret,
930 4184 963 4245 in
991 4179 1041 4245 his
1077 4181 1172 4247 etiam
1199 4181 1225 4245 si
1260 4182 1317 4267 qui
1350 4180 1438 4246 forte

479 4282 591 4347 furtim
617 4305 674 4368 per
697 4281 848 4348 stationes
870 4282 1008 4348 hostium
1033 4305 1091 4374 pro
1115 4281 1303 4368 colligendis
1327 4281 1438 4348 herbis
