3309 5309
440 628 503 691 stt
690 640 827 686 Joauurs
845 639 1123 684 saansaaamusrs
1265 620 1347 699 [Lm.
1364 639 1396 681 v.

439 796 593 862 extitisse.
623 793 762 855 Tantum
774 813 911 876 namque
921 791 1031 875 opinio
1041 791 1394 875 praejrrdicatapoterat,

441 909 477 961 ut
499 896 579 959 nihil
605 894 845 957 convalesceret
870 895 911 955 ab
939 893 1098 975 opposito,
1125 891 1203 953 dum
1229 892 1294 955 hoc
1323 894 1390 975 ipse

439 998 561 1061 dixisse
587 995 756 1069 diceretur,
782 1007 814 1057 et
851 1016 893 1056 ex
917 1016 977 1057 usu
1010 992 1295 1077 acquiescentium,
1332 1016 1393 1057 vox

440 1100 514 1183 lpse
530 1096 739 1180 pronominis,
752 1093 967 1177 Pythagoram
985 1094 1156 1156 indicabat.
1187 1094 1295 1166 Quum
1309 1097 1392 1158 enim

437 1198 623 1283 simpliciter
648 1196 824 1271 dicebatur,
849 1196 918 1278 ipse
953 1196 1014 1258 hoc
1046 1193 1140 1272 dixit,
1164 1215 1207 1257 ex
1233 1208 1391 1280 praecepta

437 1298 637 1376 auctoritate,
658 1309 739 1360 teste
763 1296 884 1374 Tullio,
907 1297 1121 1379 Pythagoram
1142 1296 1281 1380 intelligi
1304 1319 1395 1379 opor-

437 1402 533 1466 tebat
578 1400 645 1464 Hic
671 1412 779 1463 tamen
803 1408 870 1462 tota
893 1399 1080 1462 auctoritate
1104 1418 1172 1475 sua,
1193 1419 1396 1484 nequaquam

433 1502 597 1586 judicium
623 1500 726 1575 tlexit,
753 1499 809 1562 sed
836 1499 942 1563 adhuc
970 1497 1199 1564 interveniente
1231 1499 1395 1578 dilatione,

439 1614 569 1687 propter
586 1601 632 1664 rei
652 1600 890 1681 ambiguitatem
914 1600 1034 1683 pendet
1056 1599 1225 1661 sententia.
1270 1600 1396 1663 Thema

440 1703 571 1790 quidem
601 1701 784 1786 hujusmodi
811 1712 878 1765 est:
914 1703 1050 1765 Evallus
1077 1700 1267 1764 adolescens
1294 1702 1395 1779 dives,

439 1804 633 1888 eloquentiae
648 1802 812 1866 discendae
823 1803 935 1883 gratia,
945 1822 1122 1884 causasque
1138 1800 1250 1863 orandi
1261 1803 1395 1885 cupiens

440 1904 508 1968 suit.
554 1904 619 1966 Hic
636 1900 891 1985 indisciplinam
915 1902 1108 1984 Pythagorae
1135 1922 1169 1963 se
1196 1900 1298 1981 dedit,
1324 1924 1394 1985 pro-

440 2005 570 2069 mittens
585 2004 755 2088 pecuniam
770 2017 920 2087 quantam
942 2003 1141 2085 Pythagoras
1158 2004 1304 2086 petierat,
1321 2005 1394 2070 data

438 2105 608 2170 medietate
634 2114 806 2185 antequam
834 2102 1059 2182 ingrederetur,
1099 2102 1229 2166 daturus
1263 2105 1393 2168 alteram

438 2227 503 2289 quo
519 2205 657 2285 primum
682 2202 734 2265 die
759 2224 888 2265 causam
905 2203 991 2286 apud
1001 2202 1130 2287 judices
1156 2215 1346 2287 perorasset,
1363 2218 1395 2270 et

438 2306 576 2369 vicisset
622 2305 853 2384 Posteaquam
869 2303 989 2367 diutius
1004 2303 1139 2378 auditor,
1156 2317 1392 2391 assectatorque

436 2404 628 2488 Pythagora
639 2403 759 2480 fuisset,
768 2403 1015 2489 facundiamque
1026 2408 1392 2489 promovissetastudio‚

437 2518 471 2571 et
493 2518 674 2571 transcurso
700 2516 844 2589 tempore
872 2507 1022 2587 longiori,
1046 2509 1255 2573 causantibus
1286 2525 1390 2592 patro·

438 2610 558 2674 ciuium
581 2608 763 2690 denegaret,
779 2617 814 2671 ut
834 2610 1072 2693 putabamque
1089 2609 1229 2673 doctoris
1244 2612 1392 2697 impleret

437 2710 628 2790 mercedem,
641 2712 752 2775 habito
769 2712 917 2790 consilio,
930 2712 1018 2774 litem
1035 2733 1108 2776 cum
1131 2734 1170 2775 eo
1195 2714 1393 2797 Pythagoras

437 2823 643 2877 contestatur.
689 2812 796 2884 Quum
819 2832 896 2895 ergo
919 2812 959 2875 ad
985 2812 1113 2896 judices
1135 2814 1287 2878 ineundoe
1314 2837 1391 2878 con-

438 2913 674 2996 stituendaeque
709 2934 815 2976 causae
851 2915 1012 2977 venissent
1047 2916 1156 2996 gratia,
1192 2916 1389 2999 Pythagoras

438 3017 485 3080 sic
498 3034 631 3079 exorsus
640 3024 696 3077 est.
729 3014 841 3088 Disce,
854 3015 971 3098 inquit,
995 3017 1181 3080 stultissime
1193 3016 1393 3093 adolescens,

438 3127 573 3201 utroque
589 3113 623 3177 id
639 3113 735 3177 modo
751 3115 828 3190 fore,
848 3117 893 3178 uti
917 3114 1034 3179 reddas
1050 3118 1238 3201 quodpiam,
1255 3118 1321 3181 sive
1336 3140 1393 3202 pro

437 3231 468 3282 te
483 3216 730 3302 pronunciatum
748 3216 817 3292 erit,
833 3217 899 3278 sive
915 3228 1026 3278 contra
1041 3229 1081 3279 te.
1128 3218 1213 3280 Nam
1230 3219 1257 3281 si
1283 3232 1393 3285 contra

436 3330 468 3383 te
482 3319 522 3380 lis
537 3317 595 3379 erit
616 3314 702 3392 data,
717 3336 838 3379 merces
864 3316 1032 3379 debebitur
1056 3317 1133 3379 mihi
1157 3340 1200 3381 ex
1224 3321 1393 3398 sententia,

436 3419 514 3503 quia
539 3438 599 3498 ego
624 3417 770 3480 evicero:
800 3418 848 3479 sin
875 3439 948 3480 vero
975 3417 1153 3481 secundum
1168 3420 1391 3504 tejudicatum

436 3521 505 3594 erit,
521 3537 643 3581 merces
657 3517 735 3580 mihi
752 3539 795 3580 ex
811 3528 909 3601 pacto
925 3518 1101 3596 debebitur,
1124 3520 1202 3603 quia
1216 3533 1252 3584 tu
1266 3522 1390 3585 viceris.

436 3622 488 3684 Ad
504 3643 543 3685 ea
557 3619 684 3702 placide
699 3620 843 3683 Evallus.
890 3621 985 3701 Opto,
1012 3621 1127 3706 inquit,
1142 3622 1219 3686 huic
1239 3635 1302 3686 tuae
1326 3634 1390 3686 tam

435 3722 568 3804 anticipi
585 3723 727 3805 captioni
743 3724 807 3786 isse
822 3723 962 3797 obviam,
979 3722 1006 3785 si
1022 3724 1116 3786 verba
1131 3744 1197 3787 non
1211 3724 1283 3808 ipse
1305 3725 1390 3788 face·

434 3840 513 3895 tem,
528 3833 625 3902 atqua
646 3822 709 3883 alio
730 3833 865 3904 patrono
890 3836 1000 3887 uterer.
1054 3825 1120 3888 Sed
1145 3828 1248 3907 magis
1273 3827 1307 3889 in
1332 3828 1393 3891 ista

435 3917 577 3991 victoria,
588 3917 780 3998 praeludium
796 3932 855 3994 est,
866 3942 966 4005 quum
977 3935 1010 3987 te
1025 3946 1090 3988 non
1105 3925 1138 3988 in
1156 3948 1252 3991 causa
1267 3938 1390 3992 tantum

433 4018 540 4083 sedin
556 4026 744 4097 argumento
759 4040 891 4102 quoque
921 4023 982 4086 isto
1009 4024 1143 4090 evicero.
1190 4027 1288 4091 Disce
1314 4050 1390 4111 ergo

433 4132 479 4199 tu,
495 4119 644 4201 magister
658 4119 907 4201 sapientissime,
922 4135 1057 4210 utroque
1074 4127 1170 4191 modo
1187 4129 1329 4193 futurum
1344 4132 1392 4195 uti

433 4243 499 4287 non
516 4222 646 4287 reddam
662 4222 751 4305 quod
765 4224 859 4306 petis,
872 4224 937 4289 sive
951 4240 1064 4291 contra
1080 4251 1131 4292 me
1143 4233 1389 4313 pronunciatum
