3309 5309
345 669 416 713 cre.
433 654 493 733 ru]
691 668 945 716 ronrcuarrous.
1241 659 1306 719 δ269

346 843 416 884 sum
445 820 546 896 dedit,
571 828 603 883 et
629 819 687 907 qui
713 820 850 884 animam
876 820 1079 905 glorificabit,
1105 834 1137 886 et
1163 845 1301 900 carnem,

347 925 515 1009 utriusque
541 921 668 985 fidelem
697 922 819 1007 expetit
847 921 1046 986 famulatum.
1107 925 1147 986 Se
1172 947 1303 1010 quoque

346 1023 449 1087 voluit
465 1023 559 1088 etiam
576 1023 781 1109 corporaliter
795 1021 954 1098 honorari,
967 1034 1004 1086 ut
1019 1024 1189 1109 quantavis
1203 1025 1301 1090 tardi·

348 1138 397 1190 tas
419 1124 629 1201 infidelitatis,
653 1134 710 1189 aut
738 1123 952 1210 negligentia,
977 1125 1211 1192 excusationem
1237 1149 1301 1192 non

347 1227 476 1293 habeat.

347 1589 428 1674 Cap.
445 1597 475 1654 4.
498 1591 550 1654 De
565 1589 743 1652 reverentia
753 1608 982 1670 personarum,
998 1595 1029 1651 et
1049 1608 1169 1668 rmum,
1184 1597 1216 1655 et
1228 1600 1303 1673 qttot

567 1688 670 1750 orodis
680 1706 820 1768 persona
835 1687 877 1748 sit
890 1685 1089 1748 uenerabilis.

394 1841 616 1904 annunurur
631 1862 708 1924 ergo
722 1861 796 1925 quae
811 1838 1016 1924 oorporaliter
1031 1838 1237 1926 impenditur,
1246 1851 1303 1904 aut

349 1941 380 2005 in
397 1943 539 2026 personis
553 1940 706 2017 consistit,
723 1953 780 2005 aut
800 1940 832 2004 iu
848 1943 956 2007 rebus.
1002 1944 1211 2007 Personarum
1229 1965 1304 2007 vero

349 2044 432 2108 ratio
451 2042 588 2107 habetur
603 2055 660 2108 aut
675 2066 694 2106 a
708 2055 835 2123 natura,
850 2056 905 2108 aut
921 2045 962 2109 ab
976 2045 1089 2122 officio,
1105 2058 1162 2110 aut
1177 2068 1197 2108 a
1210 2045 1305 2109 mori-

350 2144 422 2221 bus,
438 2157 495 2209 aut
510 2167 529 2208 a
543 2144 733 2225 conditione,
747 2157 802 2211 aut
818 2168 837 2209 a
850 2145 989 2212 fortuna.
1020 2151 1144 2212 Natura
1158 2159 1305 2233 parentes

351 2268 538 2311 veneramur
560 2258 592 2310 et
614 2246 739 2327 libems‚
761 2261 793 2312 et
815 2270 898 2333 quos
920 2249 1009 2313 nobis
1031 2273 1106 2314 earo
1125 2249 1304 2336 conjunxit,

353 2361 471 2434 utputa
496 2371 636 2425 uxorem,
659 2362 821 2434 cognatos,
844 2361 876 2413 et
899 2349 1016 2414 affines.
1061 2349 1158 2414 Unde
1180 2363 1212 2415 et
1230 2355 1307 2436 gen-

353 2448 433 2513 tium
452 2451 526 2535 jure
548 2462 711 2536 receptum
734 2463 793 2530 est,
815 2473 853 2513 eo
876 2450 964 2535 quod
987 2474 1137 2537 peraeque
1158 2453 1195 2518 fit
1217 2451 1306 2537 apud

337 2573 462 2616 ‘omnes
475 2563 595 2636 gentes.
643 2551 698 2615 Ad
720 2551 781 2615 lroe
798 2550 896 2615 etiam
918 2550 1028 2615 divino
1045 2553 1120 2635 jure
1142 2573 1305 2633 urgemur,

351 2654 409 2736 qui
438 2652 592 2738 seriptum
626 2651 791 2714 novimus:
831 2649 964 2712 Honora
997 2662 1119 2734 patrem
1150 2660 1244 2713 tuum
1273 2664 1306 2715 et

352 2764 495 2828 matrem,
513 2767 548 2818 ut
570 2753 612 2815 sis
627 2752 791 2834 longaevus
812 2772 908 2835 super
928 2762 1062 2814 terram:
1093 2763 1125 2815 et
1149 2752 1206 2836 qui
1221 2751 1306 2837 patri

351 2854 402 2919 vel
417 2854 512 2920 matri
533 2851 741 2932 maledixerit,
757 2864 858 2915 morte
878 2853 1044 2917 morietur.
1088 2852 1224 2917 Liberos
1241 2875 1304 2917 nou

338 2955 489 3019 'multum
505 2953 647 3037 oportuit
667 2949 892 3027 commendari,
906 2974 944 3014 eo
959 2950 1047 3037 quod
1066 2975 1161 3016 nemo
1181 2975 1307 3018 carnem

350 3078 441 3121 suam
465 3052 539 3116 odio
559 3050 682 3116 habuit.
728 3053 791 3116 Sed
812 3075 870 3117 nec
892 3074 1033 3130 uxorem,
1056 3066 1307 3140 propterquam

350 3158 448 3222 homo
470 3165 592 3240 patrem
619 3151 771 3238 relinquit
797 3166 828 3217 et
854 3166 998 3234 matrem,
1021 3155 1187 3220 adhaerens
1214 3156 1307 3220 uxori

352 3282 431 3336 suae,
447 3268 483 3321 ut
504 3255 566 3320 sint
586 3256 652 3320 duo
673 3258 705 3319 in
729 3277 823 3320 carne
849 3278 923 3323 una.
968 3261 1043 3322 Non
1066 3270 1171 3322 tamen
1193 3258 1226 3323 in
1248 3257 1307 3322 hae

352 3371 444 3447 parte
453 3356 570 3421 divinae
583 3355 662 3441 legis
678 3355 962 3436 mandatadesunt,
972 3359 1031 3424 etsi
1042 3371 1172 3446 propter
1184 3365 1307 3424 naturae

354 3458 530 3538 stimulum,
545 3457 602 3543 qui
625 3460 700 3522 satis
724 3471 828 3544 urget,
846 3459 949 3523 rarius
971 3464 1165 3539 inserantur,
1180 3475 1308 3548 proten-

352 3561 475 3625 duntur
505 3571 608 3623 tamen
636 3558 676 3623 ad
703 3573 854 3644 cognatos
880 3575 912 3626 et
938 3566 1059 3640 affines,
1085 3586 1166 3649 quos
1192 3585 1250 3648 per
1275 3588 1308 3629 se

351 3675 466 3728 natura
480 3662 689 3726 commendat.
736 3661 884 3726 Officium
903 3686 980 3727 vero
1000 3677 1048 3729 est
1071 3664 1215 3728 debitum
1235 3689 1308 3730 exe·

353 3762 473 3848 quendi
503 3786 577 3848 quae
608 3762 777 3847 unicuique
808 3787 847 3826 ex
880 3763 1047 3847 institutis,
1076 3778 1131 3830 aut
1167 3766 1309 3832 moribus

353 3864 476 3951 agenda
491 3878 575 3930 sunt.
609 3870 661 3931 Ex
676 3889 714 3929 eo
729 3889 867 3953 namque
882 3870 1024 3953 personis
1040 3868 1173 3955 siugulis
1188 3869 1309 3954 proprii

354 3980 536 4054 congruunt
550 3981 649 4033 actus.
694 3969 733 4031 In
748 3967 798 4032 his
813 3982 918 4034 autem
935 3992 1009 4055 quae
1024 3970 1068 4034 sic
1084 3971 1207 4057 agenda
1222 3981 1308 4043 sunt,

354 4069 416 4135 alia
439 4068 480 4133 ad
503 4069 683 4155 publicum,
709 4071 772 4135 alia
793 4071 834 4135 ad
858 4095 949 4137 suum
972 4073 1128 4159 cujusque
1150 4069 1309 4156 pertinent

356 4185 485 4238 statum.
531 4174 584 4236 Ex
601 4197 664 4258 quo
686 4173 787 4260 liquet
802 4175 974 4240 officiorum
998 4175 1145 4261 quaedam
1169 4167 1309 4253 publica,

354 4274 499 4360 quiedam
516 4274 641 4359 privata
659 4276 881 4340 convenienter
902 4275 972 4338 dici.
1021 4275 1219 4339 Privatorutn
1236 4289 1311 4330 vero
