3309 5309
215 640 287 685 eae.
304 621 363 701 1v.]
555 639 809 685 soureasrrcns.
1132 625 1170 682 19

215 794 282 857 suis
292 796 387 858 rebus
398 803 430 856 st
441 793 557 856 studiis
569 795 735 856 voluerunt
746 813 815 856 esse
829 800 1026 869 contentum,
1035 792 1166 854 urbanis

213 905 246 959 et
260 896 462 973 suburbanis,
475 896 600 959 colonis
613 916 742 979 quoque
758 896 807 957 vel
822 895 947 957 rusticis
959 914 1016 956 sua
1031 893 1166 973 singulis

211 997 284 1061 loca
299 1007 331 1061 et
345 997 451 1062 studia
470 998 723 1082 praescribentes.
768 995 947 1060 Solicitudo
968 995 1163 1076 singulorum

212 1107 244 1160 et
253 1099 397 1162 omnium
406 1099 536 1163 utilitati
545 1100 684 1182 publieae
695 1098 863 1162 serviebat.
886 1095 1165 1175 Naturae,laboris‚

211 1207 243 1259 et
254 1197 418 1262 industriae
428 1199 566 1262 fructum
575 1199 794 1283 unusquisque
802 1198 977 1282 recipiebat
988 1219 1031 1262 ex
1039 1196 1164 1260 merito.

212 1299 318 1361 Nemo
345 1299 432 1384 quod
461 1311 547 1364 esset
578 1301 707 1363 alterins
733 1302 918 1382 usurpabat,
949 1309 1097 1363 manento
1127 1298 1162 1360 in

210 1400 362 1462 omnibns
375 1398 543 1462 individuo
567 1400 708 1462 caritatis
724 1401 851 1462 affectu.
888 1400 1013 1461 Primus
1033 1397 1164 1481 quidem

210 1511 242 1564 et
258 1499 385 1563 medius
405 1501 494 1563 urbis
507 1501 599 1563 locus
621 1502 788 1583 Areopago
808 1501 917 1576 cessit,
932 1499 1016 1562 unde
1039 1498 1080 1561 ad
1098 1501 1163 1562 sin-

210 1604 302 1684 gulas
317 1601 541 1685 professiones,
556 1611 651 1683 prout
664 1601 743 1664 ratio
766 1600 923 1684 cujusque
938 1600 1035 1662 officii
1055 1597 1163 1679 exige-

210 1705 277 1775 bat,
302 1701 512 1785 dispositione
535 1721 677 1783 congrua
700 1701 872 1776 institutas,
895 1700 1071 1764 officiorum
1089 1700 1165 1785 jura

210 1803 304 1887 qnasi
316 1801 446 1886 quidam
461 1802 572 1866 salutis
584 1803 698 1867 atritas
709 1803 802 1866 rivuli
813 1802 1037 1866 derivarentur.
1066 1802 1165 1866 Porro

211 1907 245 1968 in
255 1905 307 1968 his
316 1904 455 1968 venandi
466 1925 516 1968 ars
526 1907 576 1968 vel
587 1906 728 1970 officium
741 1905 797 1968 rix
808 1905 1001 1988 permittitur
1011 1903 1164 1968 accedere

212 2006 254 2070 ad
265 2009 483 2085 suburbanos3
507 2029 607 2091 quum
616 2019 781 2073 venatores
789 2018 825 2071 ut
834 2007 982 2090 agricolus
992 2006 1163 2089 caeteriqne

212 2110 327 2172 incolae
338 2129 456 2187 rurum,
468 2110 508 2172 ab
525 2111 658 2174 urbibus
669 2110 925 2192 nobiliorumque
937 2119 1025 2172 eoetn
1036 2108 1164 2190 longius

213 2222 388 2275 arceantur.
428 2212 568 2275 Omnino
589 2213 675 2276 enim
698 2212 845 2297 iniquum
868 2220 916 2275 est
936 2211 1092 2275 nobiliora
1114 2211 1164 2272 in·

211 2312 307 2393 genia
318 2312 434 2376 studiis
445 2312 647 2378 dehonestari
659 2314 846 2391 minoribus,
856 2321 889 2375 et
899 2334 965 2391 eos,
974 2333 1054 2396 quos
1065 2311 1164 2375 ardua

211 2421 244 2475 et
269 2413 413 2494 graviora
437 2426 567 2477 manent
595 2414 711 2489 officia,
738 2410 911 2496 voluptatis
936 2425 991 2478 aut
1014 2413 1164 2477 vanitatis

212 2515 479 2597 occupationibus
494 2516 616 2595 agitari.
662 2515 760 2580 Unde
783 2517 810 2579 si
825 2517 959 2579 licenter
976 2524 1164 2578 exerceatur

212 2616 347 2696 venatio,
363 2616 533 2680 artificium
553 2619 603 2680 vel
624 2618 785 2691 officinm;
817 2618 845 2680 si
866 2628 987 2692 contra,
1001 2616 1163 2678 levitatem

212 2738 283 2779 earn
298 2739 367 2782 esse
382 2729 437 2782 aut
451 2719 637 2782 malificium
656 2730 857 2798 censuerunt,
873 2717 979 2783 edicto
995 2717 1163 2801 punientes

210 2838 277 2894 cos,
292 2818 349 2901 qui
364 2839 433 2883 eam
448 2831 559 2883 contra
575 2820 714 2883 officium
730 2830 928 2903 usurparent.

210 3149 294 3234 Cap.
310 3156 340 3213 4.
364 3149 416 3212 De
429 3152 589 3226 venatica,
604 3158 636 3213 et
650 3150 848 3228 auctoribus,
862 3159 893 3215 et
908 3150 1069 3232 speciebus
1083 3151 1163 3233 ejus,

444 3260 474 3314 et
490 3253 644 3315 exercitio
659 3254 748 3315 licito
762 3261 793 3315 et
808 3254 934 3316 illicito.

253 3420 306 3481 Er
336 3416 429 3501 primi
459 3414 588 3499 quidem
619 3415 778 3491 Thebani,
808 3415 836 3479 si
866 3415 963 3479 fidem
992 3438 1164 3501 sequamur

210 3519 364 3598 historiae,
387 3540 458 3582 eam
481 3517 782 3582 communicandam
804 3518 954 3582 omnibus
977 3529 1162 3585 statuerunt.

210 3621 257 3682 Et
270 3642 314 3683 ex
330 3641 394 3704 quo
407 3629 557 3702 suspecta
566 3616 609 3681 sit
620 3618 771 3682 omnibus
786 3640 865 3699 gens
879 3619 965 3683 soeda
975 3622 1163 3703 parricidiis,

216 3720 395 3783 incestibus
409 3717 609 3798 detestanda,
623 3719 759 3800 insignis
778 3717 900 3797 fraude,
913 3731 990 3783 nota
1009 3722 1164 3806 perjuriis,

211 3821 307 3905 hujus
323 3820 462 3899 artificii,
475 3823 523 3884 vel
538 3821 646 3904 potius
661 3820 817 3896 malificii,
828 3821 861 3883 in
877 3821 988 3906 primis
1003 3836 1165 3908 praecepta

211 3924 384 4008 congessit,
401 3946 473 4008 quas
487 3923 693 4007 postmodum
709 3922 750 3986 ad
762 3934 892 4006 gentem
907 3926 1035 3989 mollem
1050 3927 1162 3990 imbel-

210 4026 350 4109 lemque,
360 4021 463 4088 levem
478 4036 510 4088 et
524 4025 721 4109 impudicam
738 4024 905 4109 (Phrygios
919 4027 1048 4111 loquor)
1063 4039 1165 4093 trans-

210 4126 358 4189 mitteret·
397 4126 550 4192 Riserunt
569 4148 625 4190 eos
647 4126 860 4191 Athenienses
881 4138 914 4192 et
928 4129 1165 4192 Lacedaemonii

211 4226 325 4311 populi
341 4228 511 4308 graviores,
520 4229 721 4292 historiarum
737 4240 837 4308 gesta,
846 4240 967 4293 naturae
979 4243 1164 4310 morumque

667 4347 685 4388 e
701 4333 720 4387 2
