3309 5309
346 685 387 744 38
601 697 737 742 cosmus
752 696 1032 743 ssnnssnarsnsrs
1178 675 1262 755 [sm.
1280 693 1305 737 r.

347 848 454 915 uicum
469 847 563 933 gerit.
595 849 703 926 Quum
717 871 791 912 vero
806 847 910 912 modis
926 850 993 912 suis
1009 843 1188 929 elegantius
1202 843 1302 909 fuerit

348 950 498 1027 colorata,
513 963 681 1015 venustate
702 951 753 1015 sui
767 960 886 1015 mentes
907 950 1002 1016 etiam
1017 946 1189 1013 severiores
1202 944 1304 1032 capit,

346 1064 379 1116 et
393 1051 531 1136 quadam
545 1051 685 1119 inductae
700 1051 870 1117 hilaritatis
890 1052 994 1136 gratia
1008 1047 1100 1136 pellit
1116 1048 1300 1113 tristitiams

347 1165 380 1217 et
395 1152 421 1216 si
436 1151 516 1238 quid
533 1151 682 1238 pulveris,
697 1165 755 1216 aut
775 1152 924 1228 turbinis,
939 1164 997 1217 aut
1012 1149 1200 1215 nebularum
1215 1148 1303 1233 cogi·

348 1253 523 1318 rationibus
551 1252 628 1340 ipsis
653 1254 834 1333 inhaeserat,
861 1266 1009 1341 potenter
1038 1251 1205 1336 abstergit.
1249 1249 1302 1317 Ad

349 1376 453 1419 mores
469 1356 579 1442 itaque
596 1356 799 1421 instruendos
822 1367 855 1420 et
878 1358 1000 1421 animos
1020 1353 1220 1419 exultatione
1240 1353 1305 1417 rir-

349 1458 429 1522 tutis
448 1459 651 1545 trajiciendos
673 1461 705 1523 in
724 1458 848 1524 cultum
871 1458 1011 1532 Domini,
1027 1480 1089 1521 non
1111 1455 1208 1520 modo
1226 1475 1303 1519 con·

349 1570 476 1622 centnm
492 1556 664 1638 hominum,
681 1557 784 1622 sedet
804 1557 1088 1622 instrumentorum
1105 1553 1216 1618 modos
1230 1575 1304 1617 cen·

350 1672 480 1724 suerunt
491 1659 588 1723 sancti
596 1672 702 1744 patres
709 1659 849 1724 Domino
857 1656 1180 1745 applicandos‚qnum
1192 1654 1305 1740 templi

349 1761 556 1826 reverentiam
575 1761 756 1827 dilatarent.
794 1761 882 1826 Etsi
903 1759 1069 1824 militantis
1088 1756 1229 1822 ecclesiae
1245 1756 1304 1823 tibi

346 1883 446 1946 parva
468 1861 595 1926 videtur
616 1861 800 1940 auctoritas,
822 1862 871 1925 vel
892 1859 1120 1947 triumphatrix
1143 1857 1197 1922 illa
1220 1881 1303 1945 prse-

306 2020 311 2031 ,
348 1964 440 2024 conia
454 1961 583 2026 musicae
598 1984 660 2024 non
676 1961 805 2038 tacebit,
820 1963 915 2048 cujus
935 1965 1071 2027 seniores
1087 1960 1180 2039 vidit,
1194 1974 1226 2025 et
1242 1959 1302 2025 tibi

351 2057 538 2121 monstravit
554 2058 687 2122 tonitrui
709 2058 806 2134 filius,
822 2071 855 2123 et
871 2082 962 2123 voces
981 2081 1090 2124 eorum
1114 2057 1195 2122 sicut
1212 2080 1306 2122 voces

351 2157 607 2243 cytharoedorun'r
629 2159 896 2245 cytharizantium
908 2160 940 2223 in
952 2160 1094 2246 cytharis
1108 2159 1185 2223 suis.
1208 2157 1306 2236 Quod

352 2261 376 2325 si
393 2257 463 2323 illos
478 2258 618 2323 nondum
635 2260 763 2336 audisti,
778 2281 884 2346 regem
900 2262 1012 2325 audias
1026 2261 1236 2337 exultantem,
1247 2259 1305 2346 qni

351 2376 384 2426 te
398 2361 487 2446 regni
501 2373 534 2425 et
549 2361 753 2428 exultationis
769 2387 836 2428 suae
852 2364 920 2429 vult
936 2388 1003 2428 esse
1019 2363 1216 2451 participem.
1246 2363 1303 2428 Ait

353 2464 454 2528 enim:
477 2465 602 2530 Sumite
616 2464 786 2549 psalmum,
800 2465 877 2530 date
900 2480 1100 2552 tympanum,
1116 2463 1305 2552 psalterium

347 2564 528 2657 jucuhdum
541 2590 613 2632 cum
626 2569 767 2653 cythara.
795 2569 845 2634 Ad
859 2570 950 2654 quid,
960 2569 1083 2656 inquis?
1107 2566 1154 2632 Ut
1166 2566 1306 2632 laudetis

353 2671 529 2735 Dominum
545 2673 578 2736 in
599 2680 751 2757 tympano
766 2685 797 2736 et
813 2672 922 2747 choro,
937 2673 971 2735 in
986 2671 1111 2737 chordis
1126 2687 1157 2734 et
1173 2692 1304 2756 organo.

356 2772 422 2837 Hic
437 2782 485 2836 est
498 2773 581 2836 enirn
603 2795 680 2840 usus
696 2775 833 2838 Musicae
851 2790 908 2839 aut
924 2774 1020 2852 solus,
1036 2788 1092 2838 aut
1112 2772 1305 2859 praecipuus.

352 2872 514 2959 Phrygius
526 2897 600 2938 vero
612 2875 736 2952 modus,
746 2889 777 2940 et
789 2891 901 2941 caetera
912 2876 1124 2964 corruptionis
1135 2875 1304 2952 lenocinia,

355 2998 439 3044 sanae
451 2977 660 3043 institutionis
674 3001 736 3042 non
746 2979 866 3044 habent
878 3002 983 3059 usum,
995 2980 1047 3044 sed
1061 2977 1203 3065 produnt
1216 2977 1307 3041 mali·

354 3081 430 3145 tiam
457 3081 628 3148 abutentis.
675 3080 772 3147 Dolet
797 3081 900 3167 igitur
925 3093 957 3145 et
981 3081 1160 3165 ingemiscit
1186 3082 1307 3165 species

354 3182 521 3250 laudabilis
540 3184 729 3271 disciplina,
744 3208 777 3249 se
799 3185 841 3248 ab
860 3185 963 3248 alieno
978 3183 1055 3248 vitio
1077 3182 1260 3261 deformari,
1274 3193 1307 3246 et

351 3286 439 3369 quod
454 3287 551 3352 facies
565 3289 739 3352 meretricis
752 3287 838 3353 facts
852 3301 899 3351 est
915 3286 955 3364 ei,
967 3309 1040 3371 quoe
1057 3284 1162 3348 viriles
1174 3306 1306 3369 quoque

351 3383 472 3447 ammos
485 3385 656 3449 accendere
667 3399 874 3450 consueverat
886 3387 927 3450 ad
939 3387 1103 3450 virtutem.
1136 3383 1306 3449 Amatoria

353 3480 568 3547 bucolicorum
585 3483 672 3569 apud
687 3484 771 3548 viros
785 3508 900 3570 graves
920 3509 998 3563 esse,
1013 3486 1119 3551 fuerat
1140 3483 1306 3560 criminis;

356 3583 450 3646 Nunc
466 3606 541 3649 vero
552 3582 639 3647 laudi
655 3584 796 3662 ducitur,
806 3589 833 3650 si
850 3586 956 3650 videas
966 3589 1128 3672 graviores
1140 3589 1309 3665 amatoria,

355 3707 429 3770 quae
441 3685 482 3748 ab
491 3684 569 3771 ipsis
580 3684 733 3749 dicuntur
744 3685 921 3770 elegantius
932 3688 1117 3766 stulticinia,
1128 3710 1308 3773 personare.

357 3783 465 3869 Ipsum
487 3808 617 3873 quoque
636 3784 757 3853 cultum
780 3787 942 3872 religionis
962 3792 1106 3869 incestat,
1121 3789 1209 3875 quod
1233 3803 1309 3856 ante

355 3903 557 3974 conspectum
575 3891 718 3968 Domini,
733 3894 766 3955 in
790 3891 866 3976 ipsis
888 3891 1103 3978 penetralibus
1123 3896 1309 3972 sanctuarii,

356 3988 547 4057 lascivientis
558 3989 643 4053 vocis
655 3990 747 4070 luxu,
757 3990 897 4077 quadam
907 3992 1117 4056 ostentatione
1127 3991 1188 4066 sui,
1199 3997 1312 4062 mulie.

357 4092 469 4160 bribus
483 4091 586 4155 modis
600 4088 782 4155 notularum
798 4091 1072 4175 articulorumque
1087 4090 1229 4167 caesuris,
1243 4110 1312 4163 stu.

359 4210 470 4284 pentes
484 4193 639 4259 animulas
654 4191 794 4257 emollire
809 4192 966 4257 nituntur.
1013 4191 1119 4267 Quum
1136 4192 1312 4275 praecinen.

359 4301 452 4374 tium,
479 4315 510 4364 et
539 4294 778 4378 succinentium,
805 4295 996 4372 canentium,
1026 4306 1056 4357 et
1083 4292 1309 4374 decinentium,
