3309 5309
356 655 418 714 338
645 664 780 709 Joauurs
796 663 1074 708 sinuessanrausrs
1186 645 1268 728 [nra.
1284 663 1312 714 v,

358 819 506 884 Profecto
521 818 548 882 si
564 818 594 880 ei
610 817 750 901 perfecte
766 815 949 881 crederetur
963 817 1020 898 qni
1035 816 1090 894 ait,
1101 815 1222 880 divitiae
1237 828 1311 881 sunt

358 921 470 1004 spinae,
500 919 628 982 minime
661 929 749 980 tanto
785 916 893 980 studio
923 939 942 979 a
971 917 1175 1000 sapientibus
1211 918 1310 980 nostri

355 1021 505 1105 temporis
542 1026 765 1104 quaererentur.
823 1018 871 1081 Ut
907 1039 982 1099 ergo
1018 1018 1155 1083 Publius
1186 1018 1311 1101 Carpus

357 1119 412 1198 ait,
436 1120 549 1184 divites
574 1118 769 1202 pauperibus
795 1118 975 1183 miseriores
1001 1129 1085 1196 sunt,
1112 1139 1152 1181 eo
1180 1119 1311 1202 quoda

357 1222 514 1305 sapientia
554 1220 683 1300 longius
720 1220 850 1282 abeunt.
912 1219 1088 1304 Appetitas
1130 1220 1309 1283 divitiarum

355 1322 520 1407 sapientiae
543 1318 689 1384 exclusio
712 1330 769 1398 est,
792 1330 824 1384 et
846 1322 921 1402 suga
950 1323 1122 1398 virtutum3
1160 1321 1309 1386 foecuuda

355 1424 492 1485 virorum
518 1434 699 1505 paupertas,
721 1431 867 1483 naturam
895 1421 1051 1503 optimam
1073 1423 1155 1485 bene
1183 1421 1309 1484 vivendi

355 1524 472 1588 ducem
499 1523 650 1598 imitatur,
673 1532 705 1585 et
731 1521 881 1585 virtutum
905 1543 1033 1605 parens,
1059 1530 1092 1585 et
1114 1534 1224 1585 eustos
1251 1532 1308 1600 est,

354 1627 486 1709 solaque
510 1625 708 1687 securitatem
730 1623 824 1706 parit,
845 1644 918 1706 quae
936 1625 1006 1686 sola
1025 1623 1130 1686 nescit
1149 1623 1309 1686 incentiva

354 1727 520 1790 bellorum.
567 1727 641 1788 Non
657 1726 754 1788 habet
770 1722 876 1808 jurgia
891 1721 946 1808 qui
961 1725 1177 1788 contentionis
1193 1745 1306 1788 causas

352 1828 484 1908 ignorat.
530 1825 685 1907 Trepidat
705 1827 803 1901 orbis,
817 1835 850 1888 et
873 1825 1051 1889 cesaream
1075 1846 1205 1888 manum
1223 1827 1308 1888 solus

351 1948 474 2009 pauper
487 1947 553 1988 non
570 1926 668 1988 timet.
719 1925 843 2008 Utique
867 1925 893 1987 si
910 1926 951 1987 ob
971 1924 1067 1987 aliam
1089 1945 1221 1988 causam
1240 1946 1305 1988 non

351 2026 544 2107 fugerentur,
560 2038 614 2089 aut
635 2035 913 2090 contemnerentur
934 2025 1067 2102 divitiae,
1083 2026 1146 2088 nisi
1162 2026 1238 2108 quia
1257 2047 1303 2089 sa·

351 2128 481 2211 pientiae
497 2129 563 2190 rias
579 2128 707 2210 sepiunt
722 2127 836 2210 spinis,
851 2148 905 2190 eas
920 2137 1102 2209 oportuerat
1116 2147 1182 2189 non
1198 2127 1304 2190 amari.

351 2227 403 2290 Ne
429 2239 536 2291 tamen
566 2228 617 2290 his
649 2228 705 2309 qui
734 2227 932 2311 paupertatis
962 2227 1157 2291 erubescunt
1186 2228 1305 2291 vilitate

351 2328 543 2405 sordescere,
566 2328 833 2411 philosophorum
856 2330 898 2391 sit
919 2329 1055 2390 molesta
1077 2329 1203 2411 opinio,
1225 2327 1304 2391 divi-

349 2429 464 2492 tiarum
488 2451 554 2492 non
580 2428 695 2492 indicit
718 2429 825 2511 fugam
848 2428 1067 2512 philosophia,
1089 2429 1148 2493 sed
1173 2430 1301 2493 inhibet

350 2532 536 2614 appetitum.
582 2532 725 2594 Mentem
748 2531 798 2594 sui
821 2540 1005 2614 compotem
1030 2531 1153 2614 querit,
1176 2540 1210 2593 et
1233 2551 1303 2614 quae

349 2632 494 2696 inomni
517 2633 650 2696 sortunae
673 2633 798 2696 calculo
822 2634 960 2696 sufficiat
982 2633 1054 2709 sibi,
1072 2633 1117 2696 ita
1138 2642 1248 2696 tamen
1270 2644 1304 2696 nt

351 2732 543 2795 sufficientia
562 2731 631 2814 ejus
654 2753 696 2794 ex
717 2732 788 2795 Deo
808 2733 858 2796 sit.
903 2733 958 2795 Sic
979 2753 1057 2795 auro
1078 2742 1234 2816 tanquam
1247 2729 1302 2797 fic·

350 2833 475 2909 tilibus;
502 2833 654 2895 fictilibus
670 2834 761 2917 quasi
775 2854 853 2897 auro
868 2843 983 2898 utatur.
1021 2835 1106 2896 Nam
1123 2834 1210 2897 sicut
1224 2856 1301 2917 opes

349 2933 558 2997 admittuntur
584 2931 624 2994 ad
647 2954 752 3011 usum,
774 2934 820 2997 sie
844 2955 862 2997 a
885 2933 1030 3017 sapiente
1052 2944 1300 3000 contemnuntur

349 3036 461 3099 abusu.
507 3035 572 3098 Sed
595 3035 674 3097 forte
697 3037 868 3118 suppellex
891 3032 962 3098 vilis
986 3034 1146 3099 videbitur
1168 3037 1301 3119 ignomi-

347 3137 439 3200 niosa
460 3136 672 3218 magnatibus,
695 3145 727 3197 et
748 3136 878 3199 honoris
901 3135 1107 3219 splendorum
1128 3157 1179 3200 res
1198 3137 1301 3201 tennis

347 3235 518 3299 decolorat.
578 3235 676 3319 Atqui
706 3237 803 3317 louge
837 3236 1039 3319 prestantius
1070 3248 1130 3311 est,
1159 3239 1300 3300 moribus

347 3337 529 3418 splendere,
553 3357 648 3419 quam
675 3338 781 3415 rebus,
804 3358 865 3402 nec
892 3357 995 3400 rerum
1020 3358 1164 3420 uuquam
1191 3340 1297 3423 specie

346 3438 564 3514 illustrabitur,
590 3458 685 3518 quern
715 3459 781 3501 suae
811 3437 1018 3521 turpitudinis
1043 3441 1171 3501 macula
1201 3438 1298 3502 deho-

347 3549 461 3603 uestat.

451 3653 589 3707 Fictilibus
600 3671 718 3706 coenasse
729 3653 815 3706 serunt
827 3652 993 3721 Agathoclea
1003 3670 1102 3720 regem,

520 3739 609 3806 Atque
621 3739 730 3790 abacum
743 3738 832 3791 Samio
843 3754 913 3808 saepe
925 3755 1046 3790 onerasse
1057 3737 1123 3791 luto.

450 3820 561 3873 Fercula
571 3824 709 3888 gemmatis
722 3839 800 3890 quum
812 3828 920 3894 poneret
930 3839 1009 3875 aurea
1020 3823 1099 3886 vasis,

518 3905 554 3956 Et
565 3907 686 3958 misceret
697 3924 769 3977 opes,
781 3909 981 3978 pauperiemque
992 3906 1078 3971 simul,

449 3990 583 4052 Quaerenti
596 4007 700 4043 causmu
713 3993 860 4062 respondit:
889 3993 951 4044 Rex
963 4010 1013 4060 ego
1024 3994 1068 4060 qui
1080 4009 1137 4044 sum

518 4075 624 4139 sieilia,
635 4073 718 4142 figulo
728 4093 785 4129 sum
798 4079 917 4144 genitore
930 4083 1010 4130 satus.

447 4163 588 4216 Fortunam
600 4168 747 4214 reverenter
759 4162 837 4227 habe,
849 4164 995 4233 quicunque
1007 4171 1113 4234 repente

515 4248 597 4300 Dives
609 4248 642 4299 ab
655 4247 718 4302 exili
730 4249 897 4320 progrediere
910 4249 994 4302 domo.
