3309 5309
343 643 406 702 ⁶258
611 649 748 694 rossum
765 643 1046 690 ssuusunruunsls
1158 623 1240 700 [mn.
1266 642 1309 684 ιν.

353 955 432 1036 Cap.
448 956 496 1013 lt.
512 949 569 1012 Ea
580 949 695 1029 qrn'bus
709 948 818 1010 octusis
833 949 1080 1029 transferamur
1091 945 1309 1027 principatus,

754 1058 784 1111 et
802 1068 915 1129 regno.

394 1217 555 1280 Crateuas
571 1222 618 1274 est
632 1208 714 1274 illud
736 1208 919 1294 Sapientia,
934 1208 1012 1294 quia
1029 1230 1166 1294 regnum
1182 1232 1201 1274 a
1216 1221 1308 1294 gente

353 1317 385 1380 in
401 1326 528 1399 gentem
540 1311 731 1377 transfertur
742 1323 874 1396 propter
885 1309 1072 1396 injustitias,
1080 1324 1113 1375 et
1129 1311 1271 1397 injurias,
1279 1324 1310 1376 et

352 1413 568 1488 contumelias,
591 1425 624 1477 et
650 1411 792 1476 diversos
817 1411 919 1477 dolos.
964 1412 1079 1477 Nonne
1102 1412 1192 1477 vides
1214 1436 1307 1499 quam

354 1518 444 1583 brevi
471 1515 658 1580 subversum
690 1515 730 1579 sit
757 1512 872 1578 solium
901 1514 997 1601 primi
1024 1515 1108 1601 regis
1132 1516 1167 1580 in
1193 1515 1311 1601 populo

357 1621 439 1685 Dei?
471 1617 545 1684 Saul
561 1630 593 1683 et
609 1619 632 1680 J
634 1617 767 1682 onathas
782 1639 856 1681 cum
871 1609 994 1682 coeteris
1009 1616 1094 1696 filiis,
1108 1617 1310 1702 exigentibus

356 1722 468 1810 culpis,
494 1721 528 1785 in
558 1719 723 1783 montibus
751 1730 952 1792 corruerunt,
983 1731 1020 1783 ut
1050 1718 1187 1783 thronus
1215 1718 1311 1797 illius,

358 1824 465 1910 quide
476 1835 548 1909 post
564 1820 714 1886 foetantes
732 1820 851 1885 eiectus
869 1833 929 1893 est,
942 1820 1133 1885 firmaretur.
1165 1820 1314 1885 Omnium

357 1924 559 1989 historiarum
587 1944 736 2006 percurre
762 1922 887 1997 seriem,
909 1932 942 1986 et
967 1943 1078 2006 regum
1103 1921 1312 1986 successiones

359 2026 390 2090 in
417 2026 508 2089 brevi
528 2023 663 2099 videbis,
686 2037 718 2087 et
741 2023 834 2109 quasi
859 2023 890 2087 in
914 2023 1046 2087 exordio
1069 2022 1154 2103 telae,
1177 2022 1313 2088 Domino

358 2125 562 2211 praecidente,
579 2124 724 2188 succisas.
770 2127 815 2188 Et
831 2146 897 2209 quo
915 2145 1007 2207 reges
1022 2122 1144 2216 fuerint
1159 2123 1314 2204 clariores,

360 2252 397 2291 eo
412 2227 516 2299 citius,
534 2225 559 2289 si
576 2225 728 2288 adversus
749 2227 854 2289 Deum
873 2224 1096 2301 intumuerint,
1111 2225 1314 2289 conculcatur

360 2348 463 2391 semen
479 2347 599 2389 eorum.
645 2328 719 2388 Non
740 2336 788 2388 est
809 2325 974 2411 sapientia,
989 2347 1051 2389 non
1071 2338 1119 2390 est
1135 2325 1314 2410 prudentia,

359 2451 423 2493 non
445 2439 491 2492 est
515 2426 679 2490 consilium
703 2439 814 2490 contra
837 2427 1024 2511 Dominum,
1039 2439 1125 2494 certe
1146 2450 1205 2496 nec
1227 2427 1315 2492 forti-

361 2531 450 2595 tudo.
497 2530 531 2596 Si
546 2528 599 2593 ille
620 2529 769 2615 insurgit,
785 2529 811 2593 si
832 2529 1047 2616 persequitur,
1063 2530 1103 2594 ad
1121 2530 1316 2595 emendicata

362 2645 628 2698 sacramentorum
645 2632 810 2717 suffragia,
826 2644 859 2696 et
881 2631 922 2696 ad
937 2632 1086 2719 praesidia
1100 2633 1314 2697 munitionum

361 2736 482 2803 frustra
502 2735 693 2814 decurritur,
714 2735 792 2820 quia
810 2757 872 2798 non
893 2747 952 2816 est,
974 2735 1031 2820 qui
1052 2735 1092 2798 de
1115 2757 1213 2799 manu
1232 2734 1316 2800 iliius

361 2841 461 2922 possit
476 2859 594 2902 eruere.
640 2836 720 2912 Quis
735 2834 919 2900 Alexandro
935 2837 1035 2920 major
1049 2834 1081 2899 iu
1095 2835 1243 2903 Graeoia?
1272 2839 1316 2902 Et

363 2953 469 3003 tamen
493 2961 555 3002 non
580 2960 656 3002 suus
680 2936 798 3022 legitur
822 2935 1015 3018 successisse,
1039 2937 1093 3003 sed
1118 2937 1204 3005 filius
1225 2939 1319 3004 salta·

364 3041 459 3107 tricis.
504 3043 585 3115 Quis
607 3043 764 3106 Caesareae
784 3038 900 3103 domus
924 3038 1035 3104 seriem
1051 3039 1173 3105 nescit?
1212 3041 1318 3108 Rarus

364 3167 485 3225 eorum,
505 3156 562 3208 aut
585 3141 694 3206 nullus
714 3141 814 3206 filium
835 3141 965 3228 reliquit
985 3143 1145 3225 heredem,
1158 3157 1192 3209 et
1211 3167 1318 3208 omnes

363 3246 396 3311 in
411 3245 501 3310 brevi
520 3257 592 3330 post
610 3243 696 3307 varia
716 3243 868 3329 pericula,
888 3258 919 3310 et
942 3245 1045 3310 caedes
1064 3247 1127 3321 sui,
1142 3259 1175 3311 et
1190 3269 1318 3312 suorum

363 3345 519 3431 plurimas
533 3346 667 3411 diversis
682 3345 850 3424 mortibus,
861 3361 893 3410 et
909 3346 975 3410 fere
990 3346 1217 3432 ignominiosis,
1228 3349 1317 3433 qnasi

364 3444 397 3507 in
419 3457 578 3508 momento
600 3445 696 3509 deleti
720 3463 805 3522 sunt,
827 3458 859 3518 et
880 3446 1105 3521 descendentes
1127 3447 1168 3512 ad
1191 3447 1318 3524 interos,

366 3565 558 3607 successores
577 3543 758 3609 habuerunt
779 3559 835 3612 aut
856 3547 964 3619 hostes
984 3561 1040 3621 aut
1062 3547 1207 3632 ignotos:
1233 3547 1318 3624 Quid

365 3647 495 3711 obsecro
521 3660 586 3712 tam
615 3650 758 3732 potentia
786 3673 895 3735 regna,
921 3664 983 3715 tarn
1010 3655 1073 3717 cito
1100 3653 1258 3717 subvertit
1287 3665 1318 3717 et

366 3747 553 3811 transtulit?
591 3751 686 3813 Certe
706 3749 884 3836 indignatio
905 3755 977 3829 Dei,
993 3776 1090 3839 quam
1111 3755 1143 3817 in
1166 3778 1199 3818 se
1215 3754 1319 3821 multi-

353 3836 441 3933 'plex
464 3847 622 3931 injustitia
647 3853 852 3934 provocabat.
907 3857 968 3918 Est
996 3867 1102 3919 autem
1128 3856 1176 3933 (ut
1205 3857 1319 3921 Stoicis

365 3950 485 4034 placet)
502 3947 660 4032 injustitia
679 3954 792 4017 mentis
812 3953 953 4036 habitus,
968 3979 1042 4042 quae
1064 3980 1083 4020 a
1103 3959 1233 4044 regione
1255 3980 1321 4022 mo-

366 4073 437 4115 rum
458 4047 648 4113 exterminat
669 4052 863 4136 aequitatem.
919 4056 1069 4121 Animam
1096 4081 1236 4145 namque
1260 4058 1320 4144 pri-

367 4176 441 4218 vare
451 4148 591 4239 justitia,
606 4151 654 4214 vel
671 4175 708 4214 ex
725 4153 885 4238 privativa
900 4159 1057 4244 particula
1068 4160 1204 4224 nominis
1219 4161 1319 4225 decla-

366 4267 466 4319 ratur.
513 4254 553 4316 In
576 4275 613 4314 eo
633 4265 738 4318 autern
761 4257 898 4321 maxime
915 4260 1044 4344 justitia
1064 4275 1202 4340 constat,
1218 4266 1320 4327 sinon
