3309 5309
371 662 583 738 cnP.xxvl1.]
725 675 982 722 corruanrrcus.
1267 663 1328 722 135

363 843 473 887 ‘errore
499 825 623 890 diutius
643 825 741 890 fuisse
767 828 882 902 recolo,
905 827 937 889 iu
965 850 1030 912 quo
1054 849 1165 893 manus
1189 826 1319 890 Domini

365 925 556 1011 condignam
573 951 634 992 uon
651 931 828 994 exercuerit
845 928 1007 992 ultionem.

363 1264 444 1348 Cap.
461 1271 511 1330 27.
535 1266 588 1329 De
607 1267 822 1347 aruspicibus,
838 1273 869 1329 ct
888 1269 1135 1348 chiromanticis,
1150 1275 1181 1332 et
1201 1271 1319 1353 Pyrno-

612 1370 704 1446 uicia,
718 1377 749 1431 et
762 1369 877 1433 Saulis
891 1369 1070 1450 dejectione.

404 1517 545 1591 Qurude
556 1519 796 1583 necromanticis
806 1518 1233 1605 dicamquorumimpietas,
1244 1523 1314 1585 Deo

357 1630 499 1696 auctore,
523 1642 580 1704 per
604 1642 638 1684 se
662 1619 762 1705 ipsam
790 1619 910 1704 ubique
930 1619 997 1703 jam
1023 1617 1128 1696 viluit,
1147 1619 1205 1685 nisi
1227 1621 1313 1707 quod

359 1732 462 1785 morte
486 1719 576 1804 digni
603 1735 689 1796 sunt,
718 1720 774 1807 qui
800 1743 820 1783 a
846 1733 945 1785 morte
970 1733 1125 1784 conantur
1155 1721 1316 1786 scientiam

355 1827 532 1889 mutuare?
563 1826 647 1888 Nam
664 1822 704 1886 dc
720 1821 913 1906 auspicibus,
927 1821 1116 1907 auguribus,
1133 1823 1316 1888 salissatori-

359 1925 431 1999 buS,
448 1924 565 2003 ariolis,
582 1925 774 2011 pythonicis,
790 1924 998 2011 aruspicibus,
1015 1940 1047 1989 et
1068 1924 1147 2001 aliis,
1164 1949 1314 2012 quorum,

357 2049 425 2112 prae
443 2027 662 2105 multitudine,
684 2029 816 2092 taediosa
836 2043 884 2092 est
907 2028 1115 2106 enumeratio,
1131 2028 1314 2114 productio-

357 2151 423 2192 rem
434 2152 607 2195 sermonem
622 2144 738 2208 texere,
750 2154 848 2216 quum
860 2153 953 2194 nemo
964 2130 1096 2195 istorum
1103 2128 1171 2215 jam
1183 2154 1313 2216 progre-

356 2231 466 2297 diatur
481 2233 512 2295 in
535 2232 649 2310 lucem,
666 2233 719 2296 sed
740 2236 772 2297 in
788 2232 942 2309 latibulis,
959 2235 985 2296 si
1005 2232 1077 2319 quis
1092 2245 1150 2309 est,
1166 2248 1311 2299 exerceat

354 2355 453 2418 opera
468 2334 681 2411 tenebrarum,
699 2356 931 2419 supervacuum
947 2347 1003 2398 est.
1036 2334 1188 2411 Quaedam
1204 2349 1310 2399 tamen

356 2456 466 2498 eorum
491 2437 585 2500 certis
614 2433 655 2497 de
685 2435 787 2499 causis
816 2435 1018 2521 aliquatenus
1044 2437 1203 2522 tangenda
1225 2452 1310 2503 sunt.

356 2536 414 2613 Et,
430 2535 455 2599 si
478 2535 606 2610 lateant,
631 2549 802 2620 supersunt
825 2536 931 2600 adhuc
955 2536 1038 2600 malo
1060 2561 1117 2600 suo
1140 2539 1310 2625 aruspices.

356 2638 429 2702 Hos
443 2660 502 2722 pro
517 2638 654 2725 partein
670 2638 752 2702 extis
763 2638 946 2701 animalium
962 2636 1104 2702 divinare
1119 2639 1310 2726 praedictum

351 2751 409 2804 est.
465 2742 623 2804 Extorum
656 2740 786 2825 quidem
824 2750 993 2802 censentur
1028 2739 1165 2819 nomine,
1193 2740 1309 2818 omnia,

353 2863 427 2924 quae
445 2842 528 2904 cutis
549 2841 751 2905 extremitate
773 2854 936 2924 teguntur.
982 2840 1077 2906 Unde
1097 2854 1129 2905 et
1151 2841 1231 2922 illos,
1252 2844 1310 2928 qui

351 2942 384 3004 in
402 2942 580 3006 humerulis
595 2946 743 3023 arietum,
759 2944 808 3006 vel
824 2965 1090 3030 quorumcunque
1105 2944 1229 3007 ossibus
1243 2948 1309 3010 ani-

350 3045 482 3108 malium
511 3043 734 3121 vaticinantur,
758 3045 804 3108 eis
825 3043 1097 3109 connumerandos
1119 3068 1186 3108 esse
1208 3047 1308 3110 mani·

347 3144 469 3209 festum
485 3156 542 3208 est.
589 3144 816 3208 Chiromantici
834 3168 963 3230 quoque
979 3168 1064 3222 vera,
1081 3147 1202 3231 quaein
1219 3146 1307 3231 rugis

348 3267 502 3311 manuum
523 3243 633 3320 latent,
658 3267 691 3310 se
714 3267 804 3308 nosse
822 3244 1008 3327 gloriantur.
1054 3247 1197 3323 Quorum
1221 3271 1307 3311 erro-

345 3369 425 3422 rem,
443 3345 519 3433 quia
541 3347 663 3411 ratione
686 3370 746 3411 non
771 3347 896 3424 nititur,
913 3371 975 3411 non
996 3371 1119 3413 necesse
1141 3361 1188 3415 est
1208 3353 1306 3415 ratio·

347 3447 443 3512 nibus
465 3449 666 3534 impugnare,
685 3449 758 3513 licet
782 3473 818 3512 eo
842 3449 910 3535 ipso
932 3450 1003 3514 illos
1024 3467 1187 3538 expugnet
1209 3453 1302 3531 ratio,

346 3549 437 3635 quod
466 3549 618 3615 deficiunt
645 3552 775 3617 ratione.
825 3555 932 3618 Unum
960 3566 1064 3617 tamen
1095 3568 1142 3618 est
1169 3556 1256 3641 quod
1284 3581 1303 3621 a

348 3664 390 3729 te,
402 3652 427 3715 si
445 3674 494 3714 me
510 3653 667 3738 patienter
684 3653 806 3734 audias,
818 3655 1029 3719 attentissime
1044 3679 1165 3742 quaero.
1211 3656 1299 3732 Quid

347 3739 518 3839 nugatores
540 3754 602 3832 isti,
620 3755 768 3840 quoniam
791 3780 844 3820 eos
865 3758 923 3821 tibi
945 3771 1037 3822 notos
1059 3782 1127 3822 esse
1149 3782 1212 3824 non
1235 3785 1302 3824 am-

345 3853 585 3941 big0,'quando
608 3856 648 3920 de
671 3857 777 3921 dubiis
799 3859 985 3944 interrogati
1009 3873 1094 3938 sunt,
1110 3863 1298 3947 proferunt?

348 3957 453 4033 Quum
469 3957 620 4022 adversus
633 3957 840 4024 Nivicollinos
853 3962 1000 4025 Britones
1015 3964 1101 4048 regia
1113 3977 1193 4027 esset
1205 3987 1300 4048 expe-

345 4059 426 4123 ditio
446 4059 661 4145 producenda,
682 4063 714 4125 in
739 4085 804 4147 quo
824 4077 857 4128 te
876 4065 1040 4129 consultus
1060 4089 1197 4151 aruspex
1218 4090 1299 4149 prae-

344 4161 492 4225 monuit?
524 4164 676 4239 Quamvis
692 4168 731 4228 ab
749 4188 785 4227 eo
798 4167 941 4231 veritatis
957 4190 1105 4229 arcanum
1122 4190 1183 4228 non
1200 4167 1298 4230 fuerit

346 4262 583 4349 inquirendum,
599 4266 655 4350 qui
671 4267 830 4331 excubiali
850 4269 1004 4353 obsequio
1024 4269 1226 4332 concinnator
1243 4292 1297 4353 po-
