3309 5309
209 664 279 709 cnr.
295 648 395 722 xvir]
545 660 802 707 nonncaamcus.
1102 648 1165 707 337

209 817 358 899 pretium,
384 816 480 880 etiam
507 824 585 877 retas
614 816 712 878 altera
735 813 852 891 sordet,
873 813 920 876 sic
946 812 1098 893 diligitur,
1126 823 1161 877 ut

210 915 287 979 dum
317 917 507 979 innocenter
535 914 636 977 teneri
665 923 782 997 potest,
811 914 932 976 nullius
966 914 1161 977 difficultatis

207 1018 348 1081 irruente
371 1016 504 1080 articulo
525 1015 731 1098 propellatur.
778 1014 833 1077 Sic
855 1036 930 1096 ergo
946 1015 1101 1079 servanda
1114 1026 1163 1078 est

210 1119 284 1196 rita,
299 1130 334 1182 ut
349 1120 391 1183 sit
405 1119 601 1200 contemptui
614 1141 623 1194 ;
646 1118 693 1180 sic
709 1117 945 1181 contemnenda
964 1128 1023 1196 est,
1037 1129 1073 1181 ut
1088 1140 1162 1202 pro·

211 1220 300 1284 ficiat
311 1220 415 1284 saluti.
460 1218 525 1282 Sed
541 1219 613 1302 quis
628 1229 676 1282 est
697 1219 753 1302 qui
774 1218 873 1282 hodie
893 1227 1079 1283 contemnat
1097 1218 1164 1282 ani-

209 1341 305 1395 mam,
329 1342 428 1404 quum
458 1321 575 1396 nullus,
598 1333 652 1382 aut
678 1339 766 1382 rarus
794 1316 845 1397 sit,
868 1320 923 1402 qui
952 1329 1020 1383 toto
1047 1319 1163 1382 mentis

211 1421 302 1485 hiatu
316 1421 486 1505 pecuniam
503 1441 568 1483 non
582 1418 811 1503 concupiscat?
847 1418 988 1495 Quidni?

318 1537 405 1600 Quum
416 1551 498 1602 genus
509 1538 536 1586 et
546 1532 655 1585 formam
666 1533 758 1601 regina
768 1535 878 1604 pecunia
889 1534 977 1597 donet,

316 1621 359 1674 Ac
369 1621 436 1672 bene
447 1623 610 1672 nummatum
621 1618 727 1671 decoret
739 1618 846 1671 suadela
859 1619 1012 1688 Venusque,

213 1724 270 1809 qui
286 1725 376 1788 dives
396 1733 456 1798 est,
472 1725 528 1807 qui
546 1734 751 1806 prosperatur
771 1724 805 1785 in
826 1723 886 1786 viis
904 1724 1165 1807 suis,'sapienset

211 1825 290 1890 felix
311 1825 487 1908 judicatur.
531 1824 582 1887 Ad
606 1824 669 1886 hoc
693 1825 774 1887 alius
801 1845 935 1888 uxorem
961 1824 1060 1903 ducit,
1082 1825 1165 1887 alius

211 1925 353 2009 quinque
371 1924 452 2008 juga
472 1926 582 2000 boum,
604 1932 659 1986 aut
688 1924 796 1987 villam
823 1924 909 2000 emit,
932 1933 1165 1987 commutantes

212 2046 271 2107 pro
284 2025 337 2088 his
352 2025 491 2089 animam
506 2044 605 2087 suam.
651 2024 842 2106 Caecosque,
857 2034 889 2086 et
903 2023 1044 2102 claudos,
1059 2033 1092 2087 et
1106 2023 1161 2088 de·

212 2127 293 2189 biles
316 2134 476 2208 reputant,
498 2123 617 2206 quibus
639 2124 778 2187 mundus
806 2146 1009 2207 nequaquam
1037 2125 1164 2201 arridet,

214 2248 295 2309 quos
319 2237 427 2290 tamen
454 2225 566 2308 ejectis
593 2223 744 2288 divitibus
772 2224 807 2288 in
833 2246 958 2289 coenam
988 2227 1167 2309 nuptialem

213 2328 370 2410 sapientia
405 2324 592 2401 introducit,
629 2325 686 2387 ubi
720 2325 917 2388 inebriantur
950 2328 990 2390 ab
1024 2328 1167 2390 ubertate

215 2427 331 2491 domus
355 2425 430 2505 Dei,
450 2437 482 2490 et
503 2433 643 2489 torrente
668 2427 841 2510 voluptatis
868 2438 992 2490 eeternae
1018 2438 1168 2512 potantur

217 2529 317 2592 flecti.
362 2529 496 2592 Interim
512 2528 695 2610 quicunque
710 2548 775 2590 non
797 2528 897 2591 habet
913 2528 1039 2591 divitias
1054 2531 1171 2592 stultus

214 2640 271 2707 est,
293 2629 412 2706 asinus,
430 2629 541 2710 stipes,
563 2628 702 2706 caudex,
715 2630 896 2710 plumbum,
910 2640 965 2691 aut
983 2628 1010 2691 si
1026 2628 1103 2711 quid
1116 2628 1167 2690 in·

214 2730 396 2793 sensibilius
412 2738 469 2791 est
514 2728 639 2791 Stultus
654 2750 729 2810 ergo
744 2729 903 2812 miserque
918 2739 977 2804 est,
992 2728 1019 2790 si
1035 2727 1106 2811 quis
1118 2740 1168 2792 est

216 2852 348 2915 pauper.
392 2828 456 2893 Sed
471 2848 532 2891 nec
547 2829 645 2892 amari
660 2839 767 2912 potest
781 2831 821 2893 ab
838 2827 956 2912 aliquo,
973 2851 1068 2912 quem
1083 2831 1169 2893 mala

215 2932 341 2994 fortuna
356 2929 480 3014 premit,
497 2949 535 2990 eo
551 2927 639 3011 quod

323 3043 405 3097 Nulla
416 3042 484 3096 fides
496 3060 609 3112 unquam
620 3044 728 3097 miseros
742 3044 823 3113 elegit
832 3046 937 3108 amicos,

219 3160 250 3213 et
270 3150 356 3235 juste
380 3149 519 3213 creditur
546 3149 683 3232 quisque
708 3152 794 3214 mala
815 3151 907 3229 ferre,
930 3174 1000 3236 quae
1024 3152 1169 3228 sustinet,

218 3248 362 3332 adeoque
382 3269 513 3331 regnum
534 3249 681 3331 pecuniae
701 3250 845 3328 invaluit,
864 3261 899 3315 ut
922 3251 1106 3336 desperetur
1128 3254 1169 3317 de

220 3349 284 3413 tide
291 3349 425 3432 judicis,
437 3350 492 3433 qui
507 3350 633 3432 repellit
647 3371 778 3414 munera
793 3353 965 3418 offerentis.
1003 3351 1037 3418 Si
1048 3355 1171 3438 pacisci

218 3451 389 3525 detrectas,
405 3450 588 3534 pollicentis
603 3450 720 3515 videris
740 3453 847 3517 odisse
862 3476 1000 3519 causam.
1044 3457 1089 3519 Et
1108 3457 1170 3520 for-

219 3563 302 3616 tasse
318 3553 445 3628 affectu,
462 3552 512 3612 vel
531 3571 663 3615 munere
685 3575 755 3618 esse
770 3555 908 3619 crederis
925 3568 1172 3641 praecorruptus,

220 3653 247 3715 si
263 3672 450 3736 permanere
473 3651 520 3713 vis
542 3653 755 3736 incorruptus.
801 3656 966 3721 Sententia
986 3658 1036 3720 vel
1058 3658 1170 3741 opinio

217 3752 488 3834 Philosophorum
503 3753 633 3816 omnino
649 3757 787 3832 evanuit,
802 3756 879 3819 dum
900 3758 947 3821 sic
970 3780 1082 3822 omnes
1097 3772 1171 3842 post

218 3853 346 3916 divitias
368 3862 504 3928 currant,
526 3873 564 3914 ac
588 3853 616 3915 si
642 3854 720 3916 alibi
744 3855 890 3918 laborum
916 3857 1056 3940 requies,
1080 3860 1171 3921 dolo·

218 3975 350 4037 rumque
373 3952 521 4015 solatium
540 3954 675 4017 inveniri
696 3976 762 4018 non
783 3967 903 4039 posset,
924 3979 962 4021 ac
982 3958 1010 4020 si
1027 3959 1172 4038 naufragi

218 4053 257 4117 de
276 4053 437 4138 profundo
456 4065 575 4136 queant
590 4063 717 4120 enatare
731 4057 868 4134 facilius,
885 4059 911 4121 si
932 4059 1088 4141 praegravi
1104 4079 1169 4121 sar-

217 4153 292 4216 cina
319 4151 438 4216 suerint
463 4155 593 4218 onerati.
648 4155 715 4219 Sed
742 4156 814 4240 quis
840 4178 982 4240 unquam
1006 4157 1170 4220 ulcerosus

220 4254 329 4338 spinas
345 4256 517 4335 congessit,
526 4265 563 4318 ut
578 4258 737 4319 volutatus
750 4257 783 4318 in
796 4258 842 4320 eis
854 4258 998 4339 quiescat
1009 4257 1169 4320 molliter?

265 4374 338 4420 vot.
355 4373 406 4418 111.
691 4376 709 4417 z
