3309 5309
263 662 335 707 cre.
351 646 439 725 xrs]
626 660 878 707 ronucssurcos.
1155 650 1213 708 103

366 813 442 875 Quid
452 816 562 875 tantum,
575 811 698 875 Gradive,
710 811 803 880 paras?
822 827 883 861 nam
894 809 965 860 mitis
975 810 1003 861 in
1014 810 1067 862 ulto

367 896 469 967 Jupiter
480 911 571 948 occasu
582 895 713 963 premitur,
726 893 891 962 Venerisque
903 892 1006 945 salubre

369 983 446 1035 Sidus
457 983 545 1046 habet,
558 987 680 1052 motuque
693 981 761 1034 celer
775 980 910 1050 Cyllenius
922 981 1005 1034 haeret
1016 1001 1023 1045 ;

366 1067 401 1119 ut
413 1067 507 1119 coelum
519 1067 593 1118 Mars
606 1066 676 1120 solus
686 1067 777 1119 habet.
796 1066 851 1120 Cur
865 1066 941 1134 signa
951 1071 1054 1120 meatus

365 1151 512 1203 Deseruere
523 1167 592 1215 suos,
605 1151 751 1219 mundoque
763 1152 871 1204 obscura
882 1150 1011 1204 feruntur:

365 1233 480 1287 Ensiferi
490 1234 598 1286 nimium
608 1233 694 1301 fulget
705 1233 773 1287 latus
783 1234 912 1287 Orionis?

354 1319 488 1382 ‚Imminet
499 1336 627 1372 armorum
637 1319 733 1385 rabies,
744 1318 856 1388 ferrique
867 1325 994 1392 potestas,

364 1403 514 1457 Confundet
521 1406 565 1476 jus
578 1422 654 1456 omne
664 1422 757 1457 manu:
775 1404 917 1474 scelerique
927 1404 1048 1470 nefando,

366 1489 470 1542 Nomen
482 1491 533 1542 erit
543 1490 631 1554 virtus
642 1489 788 1558 multosque
801 1491 885 1543 exibit
895 1491 922 1541 in
933 1508 1023 1545 annos.

257 1597 344 1659 Ecce
357 1615 397 1657 ex
413 1592 568 1678 qualitate
585 1591 802 1671 Plauetarum,
817 1605 849 1656 et
865 1591 1019 1677 positione
1035 1592 1207 1679 signorum,

255 1703 291 1756 et
313 1714 464 1756 concursu
488 1713 667 1770 causarum,
687 1714 783 1776 quarn
807 1691 996 1755 manifestus
1016 1692 1092 1756 belli
1114 1696 1212 1759 inevi-

256 1794 365 1859 tabilis
387 1809 539 1879 sequatur
562 1807 706 1858 eventus.
754 1798 826 1859 Hoc
848 1793 964 1858 etenim
988 1795 1029 1859 ad
1050 1795 1126 1860 artis
1146 1809 1210 1861 tra·

255 1894 409 1959 ditionem
425 1893 600 1981 plurimum
616 1907 750 1980 spectat,
766 1905 802 1958 ut
818 1895 858 1958 de
874 1895 1011 1959 naturali
1027 1895 1077 1959 vel
1092 1895 1210 1960 causali

254 2008 379 2060 constet
393 1995 555 2061 domicilio
569 1996 784 2062 Plauetarum.
823 1997 942 2060 Omnes
957 1996 1112 2082 siquidem
1130 2022 1210 2084 prae-

258 2112 307 2162 ter
323 2097 426 2164 Solem
448 2111 480 2160 et
504 2097 642 2178 Lunam,
657 2099 713 2184 qui
737 2097 794 2163 soli
812 2099 946 2185 siugulis
961 2099 1101 2164 conteuti
1123 2112 1208 2181 sunt,

256 2199 383 2266 duobus
405 2199 572 2264 domiciliis
593 2200 747 2285 gaudent,
769 2199 909 2265 naturali
931 2199 1048 2265 scilicet
1071 2215 1103 2266 et
1129 2203 1210 2265 acci-

256 2299 386 2366 dentali.
432 2299 587 2363 Naturale
603 2300 734 2385 quidem
754 2301 871 2387 cuique
891 2299 1087 2365 domicilium
1102 2315 1161 2383 est,
1175 2305 1209 2367 in

255 2424 323 2487 quo
348 2402 484 2487 quisque
514 2402 681 2467 creationis
712 2425 777 2466 suae
804 2402 997 2488 principium
1028 2403 1154 2480 habuit,
1182 2403 1207 2468 si

257 2515 362 2567 tamen
377 2502 566 2588 genethliaci
582 2503 781 2568 consentiunt
798 2527 851 2566 eos
871 2527 890 2566 a
905 2507 1046 2568 Domino
1060 2528 1126 2568 esse
1142 2530 1208 2570 cre·

255 2615 335 2669 atos.
379 2607 481 2668 Lunae
500 2626 577 2688 ergo
597 2603 791 2667 domicilium
814 2605 936 2666 Cancer
956 2620 1015 2678 est,
1033 2608 1097 2668 Leo
1114 2606 1206 2680 Solis,

255 2705 411 2769 Mercurii
435 2707 545 2790 Virgo,
568 2704 664 2768 Libra
684 2705 826 2781 Veneris,
848 2704 979 2789 Scorpio
1001 2705 1129 2782 Martis,
1152 2707 1207 2770 Sa-

254 2805 403 2892 gittarius
425 2808 531 2882 Jovis,
548 2806 677 2871 Saturni
701 2805 929 2892 Capricornus,
944 2818 976 2870 et
1000 2805 1059 2870 hoc
1080 2820 1207 2872 natura·
1239 2837 1245 2854 ·

253 2907 335 2973 liter.
375 2909 552 2972 Casualiter
567 2931 643 2971 vero
660 2910 798 2972 Saturno
812 2907 897 2972 cedit
913 2907 1084 2993 Aquarius,
1101 2910 1208 2975 Pisces
1299 2923 1302 2927 '

251 3009 344 3084 Jovi,
360 3009 440 3071 aries
456 3009 568 3083 Morti,
584 3008 698 3072 Veneri
716 3011 857 3085 Taurus,
872 3009 905 3071 iu
922 3009 1075 3071 Mercurii
1091 3023 1208 3074 sortem

253 3109 375 3196 gemini
391 3107 526 3172 cedunt:
566 3110 660 3172 Luna
676 3130 752 3172 vero
767 3109 934 3173 commoda
949 3122 1008 3186 est,
1023 3132 1119 3194 quam
1136 3134 1209 3175 cunr

254 3211 327 3275 aliis
350 3209 459 3286 stellis,
482 3209 637 3296 quicquid
660 3209 705 3272 illi
730 3209 885 3295 garriant,
911 3211 1030 3274 creavit
1057 3215 1147 3276 Deus
1172 3226 1208 3279 ut

255 3326 406 3399 praeesset
421 3316 515 3377 nocti.
563 3311 650 3390 Quid
672 3311 753 3375 enim
777 3313 818 3378 de
839 3316 912 3377 Sole
935 3311 1038 3378 dicam
1060 3315 1117 3400 qui
1140 3316 1209 3381 dux

252 3430 287 3480 et
306 3415 452 3502 princeps
472 3427 530 3491 est,
547 3426 579 3479 et
599 3413 783 3478 moderator
805 3415 961 3480 luminum
981 3415 1206 3503 reliquorum?

254 3541 328 3582 eum
356 3517 467 3604 utique
492 3517 739 3581 reclamantibus
764 3517 915 3581 omnibus
939 3517 989 3581 his
1012 3518 1205 3602 planetariis,

255 3642 318 3684 non
335 3619 430 3684 timeo
451 3619 571 3683 bonum
588 3632 619 3683 et
634 3619 845 3683 necessarium
861 3619 1023 3704 profiteri:
1055 3644 1155 3707 quum
1175 3635 1208 3687 et

253 3721 337 3784 diem
363 3720 545 3784 videntibus
570 3719 693 3784 cunctis
721 3718 872 3794 illustret,
900 3732 1054 3804 temperet
1083 3721 1203 3800 orbem,

252 3822 327 3886 anni
354 3834 496 3908 tempora
519 3822 654 3897 dividat,
679 3821 810 3886 inducat
833 3842 938 3884 rerum
962 3821 1205 3902 vicissitudines,

252 3939 285 3989 et
300 3924 362 3989 alia
377 3925 525 4010 plurima,
539 3948 613 4010 quae
629 3947 713 3988 nunc
727 3923 860 4010 longum
876 3938 924 3989 est
939 3947 1094 3990 enarrare.
1141 3927 1203 3989 Sed

253 4026 326 4090 licet
346 4029 521 4092 multarum
540 4027 717 4092 utilitatum
738 4026 770 4091 iu
792 4051 829 4091 eo
850 4041 881 4090 et
905 4026 937 4090 in
959 4028 1084 4091 caeteris
1104 4049 1206 4090 causae

251 4128 420 4207 resideant,
436 4130 576 4215 ipsorum
598 4142 704 4193 tamen
725 4143 755 4193 et
772 4129 914 4193 omnium
930 4152 1005 4214 quae
1019 4142 1104 4191 recte
1120 4141 1205 4207 sunt,

250 4253 317 4297 una
331 4244 378 4295 est
393 4244 425 4296 et
444 4231 548 4318 prima
569 4255 674 4308 causa,
691 4254 765 4317 quae
789 4231 946 4294 mundum
966 4230 1041 4292 iecit
1066 4230 1203 4313 propriae
