3309 5309
458 680 519 738 166
718 692 854 737 Josnrus
870 686 1152 735 saansaemnnsm
1265 666 1347 747 [nm.
1363 683 1417 729 111.

461 942 539 1027 Cap.
554 900 585 1006 3,
611 942 704 1018 Quod
712 941 865 1025 superbia
877 941 975 1004 radia
988 941 1188 1003 aromatum
1203 939 1373 1014 malorum,
1384 946 1418 1000 et

494 1048 751 1129 eoncupiscentia
766 1047 857 1127 lepra
869 1045 1043 1125 generalia,
1054 1062 1126 1123 quc
1140 1060 1249 1104 ornnes
1262 1041 1385 1122 inficit.

507 1200 679 1265 Surenam
694 1220 769 1263 vero
791 1196 882 1262 radix
903 1194 1046 1260 omnium
1068 1194 1225 1260 malorum
1249 1203 1310 1271 est,
1332 1213 1417 1257 mor-

460 1303 564 1389 tisque
594 1296 782 1367 fomentum.
835 1301 996 1364 Arescunt
1021 1298 1126 1376 rivuli,
1155 1298 1182 1363 si
1211 1297 1309 1362 lontis
1337 1317 1419 1361 vena

461 1402 656 1489 praeciditur.
701 1402 771 1466 Nec
793 1402 874 1466 rami
896 1400 1132 1479 convalescunt,
1154 1397 1262 1464 radice
1285 1396 1418 1463 succisa.

463 1504 628 1568 Deficiunt
653 1503 740 1586 vitia,
765 1502 792 1568 si
816 1502 913 1567 elatio
932 1501 1110 1587 jugulatur.
1158 1502 1203 1565 m
1227 1499 1254 1565 si
1279 1510 1419 1564 stercora

463 1605 560 1673 radici
587 1614 810 1692 congerantur,
838 1604 1052 1690 pinguescunt
1081 1602 1172 1679 rami,
1199 1611 1233 1665 et
1257 1599 1417 1665 arentium

461 1707 609 1773 sterilitas
631 1706 812 1771 resilvescit.
858 1705 893 1769 si
915 1704 996 1769 fonti
1019 1703 1176 1792 liquentia
1197 1701 1418 1790 superfundas,

463 1809 600 1876 accessio
614 1808 728 1874 transit
741 1809 774 1872 in
791 1807 916 1874 rivulos.
962 1807 998 1874 si
1013 1807 1139 1873 camino
1154 1806 1263 1891 ignem
1278 1803 1419 1891 adjicias,

463 1915 497 1979 in
508 1914 595 1998 ligna
610 1911 794 1976 incendium
806 1908 1009 1975 recrudescit.
1052 1909 1106 1974 Sic
1120 1908 1145 1974 si
1161 1908 1282 1973 vitiatoe
1296 1918 1420 1972 naturas

465 2014 610 2080 elationis
639 2015 758 2078 innatae
790 2012 931 2077 toxicum
962 2011 1077 2088 foveas,
1107 2009 1185 2099 quin
1216 2010 1325 2076 vitalia
1353 2009 1420 2096 ipsa

466 2117 665 2182 mortiferum
681 2116 766 2181 virus
786 2115 917 2190 inficiat,
934 2137 995 2180 nac
1012 2115 1038 2180 si
1058 2113 1205 2192 volueris,
1220 2113 1339 2203 poteris
1361 2113 1420 2177 irn-

467 2218 588 2306 pedira.
633 2218 692 2282 Est
707 2217 794 2282 enim
814 2218 963 2284 omnibus
977 2241 1042 2282 non
1062 2230 1128 2284 tam
1144 2228 1310 2301 cognatus,
1324 2237 1418 2304 quam

466 2323 594 2385 innatus
615 2343 705 2386 amor
727 2320 785 2385 sui.
831 2321 894 2399 Qui
915 2321 941 2386 si
963 2321 1095 2386 modum
1116 2321 1297 2398 excesserit,
1319 2319 1420 2404 vergit

468 2421 508 2486 ad
524 2420 661 2507 culpam.
700 2421 815 2487 Omnis
830 2420 917 2486 enim
933 2422 1032 2487 virtus
1047 2421 1110 2487 suis
1125 2422 1243 2487 linibus
1256 2420 1421 2497 limitetur,

467 2523 549 2589 etin
564 2522 660 2587 modo
675 2522 827 2588 consistit.
860 2523 895 2589 Si
911 2527 1091 2603 excesseris,
1103 2524 1137 2588 in
1152 2524 1239 2590 invio
1253 2547 1299 2604 es,
1311 2535 1345 2590 et
1359 2546 1421 2596 non

468 2624 501 2690 in
516 2623 577 2690 ria.
607 2624 642 2688 si
657 2646 747 2689 amor
766 2624 818 2689 hic
840 2624 1021 2707 invaluerit,
1035 2647 1132 2690 nemo
1152 2636 1259 2712 speret
1273 2625 1315 2691 de
1337 2648 1422 2695 cura,

470 2728 578 2818 Lepra
603 2725 761 2814 siquidem
788 2735 848 2802 est,
874 2724 1081 2791 incurabilior
1109 2727 1198 2792 omni
1223 2726 1321 2813 lepra
1370 2729 1424 2793 An

470 2827 573 2892 nescis
593 2826 882 2914 concupiscentiam
903 2826 1025 2913 lepram
1041 2827 1133 2893 essa?
1163 2827 1258 2894 Giezi
1277 2827 1424 2909 consule;

473 2928 509 2994 Si
537 2926 702 2993 erubuerit
730 2926 876 2992 confiteri
911 2927 997 3013 quod
1026 2927 1134 3010 sentit,
1162 2927 1317 2995 convince
1350 2949 1423 3000 enm

470 3029 597 3097 macula
611 3029 760 3116 corporis.
807 3030 873 3094 Sed
887 3031 966 3116 quid
984 3030 1057 3096 dico
1073 3030 1167 3096 Giezi
1182 3031 1424 3110 consulendum,

470 3154 508 3197 ac
527 3132 553 3196 si
572 3131 656 3198 solus
678 3129 739 3196 sit?
770 3131 894 3196 Orbem
918 3131 1063 3209 conveni,
1086 3131 1162 3217 quia
1179 3142 1266 3198 totus
1289 3131 1425 3203 inlectus

459 3226 529 3300 est.
575 3234 739 3321 Meipsum
761 3234 937 3319 interroga3
963 3235 1018 3323 qui
1038 3235 1228 3302 miserorum
1247 3258 1331 3303 unus
1344 3257 1425 3301 sum.

473 3337 570 3403 Certe
593 3337 850 3424 concupiscentia
869 3339 986 3404 misera
999 3348 1033 3403 et
1054 3337 1244 3409 miserabilis
1264 3338 1355 3424 lepra
1368 3348 1426 3405 est.

475 3437 587 3503 Nescis
612 3437 692 3502 forte
718 3439 795 3525 quid
821 3438 938 3506 dicam.
990 3438 1268 3526 Concupiscentia
1292 3450 1427 3525 pestem,

473 3538 599 3603 nescius
618 3539 811 3607 infirmitatis
834 3541 970 3628 ignoras,
986 3541 1082 3607 homo
1103 3564 1168 3608 non
1190 3542 1425 3629 concupiscens,

416 3643 420 3651 ’
474 3639 556 3705 etin
572 3663 610 3704 eo
625 3664 720 3727 supra
739 3642 904 3716 hominem
924 3644 1131 3726 constitutus3
1157 3645 1215 3710 sed
1233 3644 1323 3710 testis
1336 3665 1428 3711 meus

476 3741 511 3806 in
533 3741 612 3806 coelo
634 3744 747 3828 tidelis,
765 3767 894 3810 mecum
916 3747 1036 3825 asserit,
1059 3747 1136 3834 quia
1156 3769 1269 3822 omnes
1289 3746 1429 3834 corrupti

476 3855 561 3922 sunt,
584 3855 617 3908 et
638 3846 868 3913 abominabiles
894 3849 969 3917 lacti
991 3863 1077 3930 sunt,
1099 3873 1164 3916 non
1186 3861 1235 3918 est
1256 3852 1313 3938 qui
1335 3850 1430 3919 faciat

476 3945 609 4023 bonnm,
630 3967 694 4009 non
716 3958 765 4011 est
787 3950 948 4034 usquead
967 3972 1078 4017 unum.
1126 3953 1178 4015 An
1198 3960 1233 4016 tu
1255 3951 1298 4016 sis
1312 3950 1379 4030 ille,
1395 3962 1430 4015 tu

478 4048 603 4114 videris.
644 4048 717 4112 Scio
732 4049 818 4113 enim
833 4072 896 4113 non
912 4074 979 4117 esse
994 4053 1081 4117 hunc
1098 4053 1249 4134 Paulum,
1264 4053 1320 4141 qui
1335 4053 1429 4139 hujus

478 4149 575 4236 pestis
586 4150 714 4215 incursu
725 4150 853 4231 clamat,
862 4163 895 4216 et
905 4153 1099 4239 ingemiscit:
1125 4153 1430 4239 lnlclixegohomo,

479 4258 549 4340 quis
566 4275 616 4320 me
632 4253 781 4325 liberabit
796 4255 836 4319 de
852 4277 981 4342 corpore
996 4257 1107 4331 mortis
1121 4255 1236 4343 hujus?
1259 4255 1333 4324 Scio
1347 4255 1431 4323 hunc
