3309 5309
362 643 402 702 48
617 657 753 701 romnus
769 651 1050 701 snnssasrumvsrs
1191 640 1276 718 [tm.
1293 658 1315 701 r.

362 821 516 872 versatur.
563 805 715 891 Cujusvis
736 829 773 870 ea
793 830 859 871 esse
883 799 1020 888 videtur,
1035 816 1073 871 ut
1091 807 1132 870 ad
1156 809 1314 893 interpre-

358 909 509 973 tationem
527 907 603 984 veri,
620 920 761 972 mortuos
776 908 879 973 valeat
895 912 1056 973 suscitare.
1101 911 1152 972 Ea
1173 930 1311 994 namque

358 1007 591 1073 ludificantium
617 1008 809 1088 damonum,
832 1024 863 1074 et
890 1009 1039 1075 humanm
1066 1008 1209 1095 perfidiae
1236 1007 1311 1072 illu·

357 1108 501 1175 dentium
517 1109 642 1175 fallacia
656 1123 713 1175 est.
760 1111 871 1197 Pythii
894 1124 968 1175 sunt
990 1134 1071 1196 quos
1092 1111 1226 1196 spiritus
1246 1114 1311 1196 Py·

359 1212 506 1276 thouicus
518 1211 629 1297 replet,
640 1225 671 1277 et
681 1212 922 1299 frequentiusin
940 1212 1118 1297 virginibus
1129 1224 1311 1292 exercetur,

360 1327 396 1379 ut
406 1315 507 1399 magis
515 1314 674 1387 ludificem
699 1314 771 1377 acsi
783 1314 1037 1379 immundissimo
1048 1313 1175 1400 spiritui
1187 1318 1310 1401 placeat

357 1416 523 1499 integritas
539 1419 652 1480 mentis
666 1427 721 1480 aut
738 1415 887 1501 corporis.
934 1415 1087 1481 Vultivoli
1105 1429 1180 1480 sunt
1195 1416 1252 1501 qui
1268 1415 1309 1478 ad

357 1517 489 1584 affectus
511 1517 675 1582 hominum
699 1517 923 1599 immutandos,
946 1517 976 1581 in
1005 1517 1141 1581 molliori
1164 1516 1307 1594 materia,

356 1641 427 1682 cera
441 1617 523 1682 forte
546 1616 595 1681 vel
618 1616 704 1695 limo,
720 1641 828 1683 eorum
851 1640 934 1704 quos
957 1632 1138 1704 pervertere
1158 1618 1307 1681 nituntur

356 1719 475 1806 effigies
490 1720 686 1806 exprimunt,
701 1720 794 1806 cujus
816 1719 971 1785 illusionis
993 1719 1026 1783 in
1047 1718 1309 1785 Pharmaceutria

358 1823 513 1907 Virgilius
528 1822 683 1903 meminit,

461 1939 551 1991 Limus
562 1948 591 1990 nt
602 1939 644 1990 hic
656 1938 777 2002 durescit,
789 1944 816 1990 et
826 1939 881 1992 haec
893 1945 923 1992 ut
934 1957 993 1992 cera
1004 1939 1132 2009 liquescit,

460 2021 521 2073 Uno
533 2022 674 2090 eodemque
684 2022 749 2089 igni,
762 2023 798 2074 sic
809 2029 897 2075 nostro
911 2023 1031 2095 Daphnis
1047 2041 1142 2075 amors.

357 2127 444 2186 Naso
458 2146 589 2210 quoque
603 2123 635 2186 in
650 2124 733 2188 libro
750 2125 941 2200 Heroidum,

464 2240 584 2293 Devovet
595 2241 727 2304 absentes,
739 2241 945 2312 simulachraque
958 2262 1032 2296 cerea
1043 2241 1130 2311 fingit,

495 2327 530 2378 Et
541 2327 664 2379 miserum
675 2332 767 2380 tenues
778 2328 805 2379 in
813 2327 887 2399 jecur
898 2335 975 2396 urget
987 2347 1057 2382 acus.

358 2433 485 2495 Horum
502 2454 577 2495 vero
592 2431 724 2509 malitia,
740 2432 836 2497 etiarn
857 2457 959 2520 quum
983 2435 1157 2521 plurimum
1181 2447 1305 2511 nocent,

354 2533 488 2598 artificio
503 2532 565 2598 levi
585 2533 781 2614 dissolvitur,
799 2535 823 2598 si
840 2535 986 2600 videlicet
1002 2537 1057 2622 qui
1079 2536 1214 2622 suspecti
1229 2550 1304 2601 sunt

354 2636 500 2701 conventi
523 2637 564 2700 ab
585 2636 695 2723 aliquo
716 2637 834 2702 crimen
856 2662 948 2703 suum
971 2639 1171 2704 inficientur:
1195 2652 1253 2703 aut
1277 2639 1304 2702 si

354 2740 488 2804 confessi
503 2739 634 2816 fuerint,
650 2753 805 2825 cogantur
820 2741 1009 2806 maleficium
1026 2764 1181 2805 revocare.
1221 2741 1306 2803 Ima-

353 2839 467 2925 ginarii
490 2853 576 2918 sunt,
591 2842 646 2928 qui
661 2843 815 2927 imagines
831 2865 910 2930 quas
929 2843 1062 2921 iaciunt,
1077 2843 1169 2930 quasi
1184 2842 1216 2905 in
1233 2865 1305 2929 pos·

350 2940 518 3004 sessionem
534 2940 775 3026 praesidentium
793 2941 964 3027 spirituum
981 2941 1127 3018 mittunt,
1143 2954 1178 3005 nt
1199 2940 1301 3004 abeis

348 3042 388 3108 de
403 3045 499 3109 rebus
513 3043 622 3110 dubiis
637 3042 825 3109 doceantur.
859 3047 930 3108 Hos
941 3043 1124 3109 idololatras
1136 3067 1200 3107 esse
1214 3066 1302 3108 sacra

348 3148 506 3235 scriptura
526 3147 695 3224 convincit,
711 3160 743 3213 et
759 3146 877 3211 divinoe
892 3147 1066 3233 majestatis
1084 3143 1208 3232 judicio
1228 3169 1304 3210 con·

347 3247 520 3316 demnatos.
567 3251 768 3336 Conjectores
799 3262 872 3315 sunt
902 3249 958 3336 qni
985 3249 1120 3314 artificio
1149 3247 1301 3334 quodam,

348 3350 408 3414 sibi
429 3350 597 3415 vendicant
620 3351 810 3415 somniorum
835 3350 1139 3438 interpretationem.
1186 3349 1301 3414 Chiro·

351 3450 480 3513 mantici
503 3464 590 3527 sunt,
605 3451 662 3536 qui
682 3474 702 3514 a
721 3475 872 3516 manuum
889 3452 1096 3538 inspectione,
1118 3473 1225 3515 rerum
1247 3472 1303 3512 va-

350 3549 524 3615 ticinantur
552 3551 746 3616 abscondita.
802 3552 1001 3638 Specularios
1030 3566 1154 3632 vocant,
1183 3549 1239 3632 qui
1269 3549 1326 3613 in-

350 3652 538 3736 corporibus
559 3651 704 3736 levigatis
726 3666 758 3716 et
785 3653 888 3733 tersis,
914 3664 950 3717 ut
977 3667 1050 3717 sunt
1076 3652 1176 3717 lucidi
1202 3674 1303 3728 enses,

347 3751 463 3839 pelves,
486 3753 606 3838 cyathi,
630 3753 897 3840 speculorumque
924 3755 1049 3819 diversa
1075 3775 1192 3839 genera
1217 3753 1300 3817 divi-

347 3867 469 3932 nantes,
495 3854 627 3919 curiosis
650 3855 939 3921 consultationibus
966 3854 1175 3930 satisfaciunt,
1200 3877 1299 3940 quam

345 3970 377 4021 et
393 3959 416 4020 J
418 3955 515 4042 oseph
531 3959 716 4032 exercuisse,
727 3969 782 4022 aut
794 3957 901 4042 potius
917 3957 1082 4023 simulasse
1097 3954 1301 4040 describitur,

287 4133 297 4156 ·
347 4080 447 4144 quum
471 4060 584 4122 iratres
605 4070 752 4141 argueret
775 4057 964 4143 surripuisse
987 4056 1155 4143 scyphum,
1178 4055 1208 4119 in
1233 4083 1301 4145 quo

345 4173 550 4225 consueverat
579 4155 741 4242 augurari.
787 4155 1008 4222 Mathematici
1034 4168 1117 4234 sunt,
1142 4155 1215 4222 licet
1242 4181 1300 4247 ap·

343 4261 474 4349 pellatio
496 4261 685 4348 generaliter
707 4259 812 4324 omnia
833 4258 1074 4346 complectatur,
1097 4260 1151 4345 qui
1175 4284 1193 4324 a
1212 4264 1299 4346 posi-
