3309 5309
377 677 439 721 cnr.
453 659 592 739 xxvnn]
735 678 989 725 eonrcnnrrcus.
1266 669 1325 756 195

376 827 584 912 indignantes,
599 825 719 912 quibus
735 851 768 892 se
783 829 911 912 lingunt
927 829 1074 897 infensos.
1121 832 1212 917 Saepe
1227 838 1321 898 etiam

375 932 570 994 mentiuntur
599 943 654 994 ant
677 930 870 1016 decipientes
896 945 952 995 aut
975 932 1109 1018 decepti.
1157 933 1219 996 Sed
1248 934 1322 999 licet

374 1052 442 1093 vera
452 1030 624 1094 dumtaxat
636 1034 816 1111 enuncient,
826 1031 1029 1097 nihilominus
1038 1053 1093 1098 aut
1103 1037 1322 1120 compescendi

373 1144 454 1207 sunt,
471 1143 528 1195 aut
543 1130 699 1215 fugiendi.
745 1132 842 1195 Unde
857 1132 889 1195 iu
906 1134 1176 1198 Deuteronomio:
1203 1134 1237 1199 Si
1253 1160 1322 1200 sur-

373 1233 487 1297 rexerit
517 1233 548 1297 in
576 1233 681 1296 medio
706 1233 754 1297 tui
784 1234 955 1320 propbeta,
985 1249 1041 1299 aut
1068 1236 1125 1322 qui
1148 1236 1264 1303 dixerit
1288 1262 1321 1303 se

371 1334 523 1398 somnium
541 1335 669 1411 vidisse,
683 1348 715 1399 et
732 1335 917 1420 praedixerit
939 1336 1066 1421 signum
1081 1351 1179 1424 atque
1193 1352 1320 1424 porten-

371 1448 446 1513 tum,
472 1450 504 1500 et
529 1436 669 1501 evenerit
695 1437 782 1521 quod
807 1436 959 1522 loquutus
979 1449 1039 1513 est,
1058 1450 1090 1502 et
1111 1438 1226 1505 dixerit
1249 1442 1321 1519 tibi,

371 1537 491 1601 Eamus
517 1550 549 1601 et
570 1560 743 1623 sequamur
765 1538 841 1601 deos
865 1538 995 1616 alienos
1021 1561 1102 1623 quos
1127 1538 1263 1624 ignoras
1286 1557 1318 1608 et

370 1639 540 1703 serviamus
574 1639 630 1717 eis,
658 1660 721 1701 uon
752 1636 863 1702 audias
893 1639 993 1702 verba
1023 1639 1194 1725 Prophetae
1222 1642 1319 1726 illius,

369 1756 419 1804 aut
435 1740 645 1817 somniatoris,
658 1741 736 1826 quia
749 1753 851 1805 tentat
863 1762 919 1803 vos
929 1741 1088 1805 Dominus
1100 1746 1189 1807 Deus
1204 1760 1316 1822 vester,

369 1853 403 1906 ut
421 1842 527 1927 palam
551 1843 607 1907 fiat
629 1860 738 1907 utrum
765 1841 907 1925 diligatis
929 1864 1013 1923 eum,
1035 1866 1075 1906 an
1099 1866 1172 1907 non.
1220 1846 1317 1913 Unde

368 1942 457 2027 plane
479 1944 681 2031 intelligitur,
703 1944 779 2029 quia
803 1943 862 2008 etsi
885 1948 1081 2029 contingant,
1105 1969 1180 2032 quae
1202 1950 1316 2014 adivi-

367 2046 514 2109 nantibus
545 2067 609 2110 non
638 2046 814 2110 secundum
845 2049 950 2110 Deum
981 2046 1145 2125 dicuntur,
1177 2073 1239 2114 non
1270 2051 1314 2115 sic

365 2146 545 2233 accipienda
553 2160 639 2227 sunt,
654 2158 690 2211 ut
700 2147 778 2211 fiant
793 2170 868 2233 quae
883 2148 1117 2233 praecipiuntur
1132 2151 1173 2216 ab
1187 2153 1244 2230 eis,
1259 2167 1314 2220 aut

364 2245 506 2311 colantur
528 2272 601 2333 quae
616 2252 766 2313 coluntur
780 2250 821 2312 ab
837 2251 891 2314 eis.
939 2251 1000 2314 Sed
1017 2274 1073 2314 nec
1089 2256 1266 2338 Apostolus
1280 2256 1313 2320 in

365 2350 454 2413 Actis
466 2348 703 2435 Apostolorum,
716 2351 882 2414 immundo
891 2352 1018 2435 spiritui
1024 2360 1180 2439 pepercit,
1193 2358 1269 2444 quia
1279 2358 1311 2421 in

364 2450 492 2514 muliere
508 2450 719 2535 ventriloqua,
743 2452 894 2537 apostolis
916 2468 948 2516 et
968 2453 1188 2538 pradicationi
1203 2482 1311 2524 eorum

361 2552 574 2617 testimonium
591 2550 753 2638 perhibuit
769 2553 921 2617 veritatis.
967 2553 1058 2617 Nihil
1072 2576 1148 2617 vero
1162 2557 1315 2623 adversus

362 2665 481 2737 pestem
497 2652 590 2717 istam
613 2652 771 2716 salubrius
794 2667 854 2729 est,
871 2676 967 2738 quam
985 2653 1011 2716 si
1032 2657 1107 2737 quis
1128 2654 1312 2740 hujusmodi

361 2753 493 2819 vanitati
506 2753 635 2817 omnino
649 2776 757 2816 aurem
781 2751 959 2817 subtrahat.
1005 2756 1133 2819 Gratias
1152 2778 1213 2841 ago
1230 2761 1310 2839 Deo,

361 2858 414 2939 qui
430 2855 613 2919 mihietiam
626 2855 658 2918 in
671 2854 819 2919 teneriori
829 2868 934 2929 aetate,
946 2852 1100 2918 ndversus
1114 2856 1171 2920 has
1181 2858 1310 2945 maligni

360 2954 460 3020 bostis
494 2956 635 3037 insidias,
676 2955 867 3042 beneplaciti
897 2955 945 3019 sui
985 2969 1111 3019 scutum
1148 2964 1308 3043 opposuit.

358 3058 445 3120 Dum
474 3055 558 3120 enim
582 3079 674 3143 puer,
696 3070 733 3121 ut
757 3057 894 3144 psalmos
920 3057 1127 3134 addiscerem,
1153 3060 1308 3127 sacerdoti

357 3158 494 3223 traditus
507 3181 618 3234 essem,
640 3161 696 3246 qui
717 3160 799 3224 forte
818 3159 1024 3244 speculariam
1044 3161 1198 3244 magicam
1219 3183 1310 3225 exer·

356 3260 456 3340 oebnt,
472 3260 606 3345 contigit
616 3274 652 3325 ut
665 3284 727 3341 me,
737 3273 770 3326 et
781 3261 878 3347 paulo
889 3259 1149 3345 grandiusculum
1160 3284 1309 3347 puerum,

356 3361 526 3445 praemissis
558 3363 750 3447 quibusdam
786 3364 961 3442 maleficiis,
990 3386 1048 3448 pro
1078 3365 1215 3450 pedibus
1243 3366 1309 3431 suis

357 3462 513 3543 sedentes,
527 3465 568 3528 ad
585 3465 770 3552 speculariae
791 3465 990 3550 sacrilegium
1012 3466 1197 3553 applicaret,
1216 3482 1252 3533 ut
1274 3469 1306 3533 iu

357 3564 520 3650 unguibus
542 3589 630 3630 sacro
648 3566 752 3631 nescio
769 3568 850 3644 oleo,
873 3582 930 3633 aut
955 3566 1124 3634 chrismate
1147 3570 1310 3650 delibutis,

356 3665 405 3728 vel
418 3667 451 3730 iu
468 3682 594 3732 exterso
609 3681 641 3733 et
657 3669 794 3752 levigato
808 3691 939 3753 corpore
955 3671 1068 3756 pelvis,
1083 3670 1170 3755 quod
1186 3695 1308 3757 quaere·

354 3766 419 3842 bat,
435 3780 546 3832 nostro
561 3767 816 3833 manifestaretur
828 3768 956 3832 indicio.
980 3773 1089 3844 Quum
1104 3771 1213 3857 itaque
1228 3794 1309 3855 prae-

355 3867 450 3932 dictis
480 3869 673 3946 nominibus,
697 3893 771 3956 quae
793 3871 864 3955 ipso
888 3870 1017 3933 horrore
1040 3870 1124 3947 licet,
1153 3874 1307 3957 puerulus

353 3992 462 4050 essem,
491 3970 673 4035 daemonum
701 3971 905 4047 videbantur,
930 3987 961 4037 et
985 3974 1156 4058 praemissis
1179 3974 1307 4059 adjura-

352 4073 504 4151 tionibus,
530 4097 612 4160 quas
635 4077 706 4137 Deo
730 4085 860 4137 auctore
885 4074 1001 4153 nescio,
1027 4077 1130 4138 socius
1152 4096 1241 4136 mens
1263 4097 1307 4150 se,

349 4175 544 4262 nescioquas
558 4176 723 4260 imagines,
733 4188 843 4241 tenues
856 4187 960 4239 tamen
977 4188 1008 4240 et
1021 4174 1182 4240 nubilosas
1198 4173 1306 4238 videre

340 4276 529 4360 judicasset,
552 4300 612 4362 ego
637 4277 768 4362 quidem
791 4277 832 4340 ad
848 4276 929 4340 illud
954 4278 1000 4340 ita
1022 4298 1126 4341 caecus
1149 4273 1254 4354 extiti,
1270 4289 1305 4341 nt
