3309 5309
370 636 411 695 80
628 648 762 692 Joausrs
778 648 1053 692 saunsnrnnmsrs
1186 626 1271 707 [nm.
1288 647 1326 691 11.

372 800 423 864 vel
449 799 612 863 vinearum
638 798 812 879 radicibus,
835 798 1009 886 appetitiva
1036 796 1173 884 quadam
1201 799 1325 865 virtute

371 900 555 980 attrabitur,
567 898 681 963 deinde
697 899 835 984 quadam
848 900 1074 965 distributione
1085 912 1220 977 naturae,
1236 901 1328 986 dige-

371 1004 454 1066 ritur
472 1024 529 1087 per
544 1000 725 1086 plantarum
745 1001 897 1076 membra,
914 1013 944 1064 et
961 1025 1060 1087 quum
1079 1004 1119 1066 de
1139 1025 1197 1065 sua
1211 1000 1325 1066 decoc-

369 1106 454 1169 tione
480 1103 662 1187 profecerit,
693 1102 846 1188 turgescit
876 1105 909 1166 in
940 1104 1096 1180 surculos,
1122 1117 1154 1168 et
1184 1126 1251 1188 quo
1280 1102 1323 1167 ad

368 1205 629 1273 sustentationem
657 1204 706 1267 sui
731 1225 792 1266 non
814 1202 947 1286 indiget,
973 1204 1005 1267 in
1035 1203 1113 1268 folia
1134 1217 1166 1269 et
1195 1205 1322 1269 fructus

367 1308 495 1381 emittit,
512 1305 568 1392 qui
584 1329 684 1390 quum
703 1306 926 1379 maturuerint,
942 1307 974 1369 in
995 1321 1100 1371 musta
1115 1307 1322 1392 despumant,

368 1424 401 1475 et
424 1410 467 1473 sic
489 1426 547 1494 per
572 1405 738 1470 intervalia
766 1419 957 1490 temporum,
984 1420 1135 1472 consueto
1159 1430 1220 1470 usu
1246 1406 1321 1469 vina

367 1513 563 1601 parturiunt.
611 1509 645 1574 Si
672 1532 747 1572 vero
772 1508 897 1573 occulta
920 1509 1126 1596 dispositione
1150 1509 1224 1584 Dei,
1250 1508 1321 1595 qui-

367 1614 500 1680 busdam
521 1625 644 1676 naturae
665 1609 829 1690 cuniculis,
843 1610 986 1694 digestus
1006 1625 1037 1676 et
1061 1624 1242 1676 maturatus
1257 1612 1318 1674 hu·

366 1741 435 1782 mor
449 1717 570 1802 absque
591 1715 743 1799 temporis
762 1713 945 1794 interstitio,
958 1714 1159 1800 inopinatum
1176 1726 1320 1778 vertatur

364 1822 397 1885 in
421 1822 543 1894 vinum,
566 1817 753 1880 miraculum
779 1816 907 1901 quidem
931 1831 990 1895 est,
1012 1816 1089 1901 quia
1110 1815 1248 1881 altitudo
1271 1815 1319 1878 di-

365 1922 447 1985 vinae
469 1916 711 2003 dispensationis
731 1928 874 1979 nostrum
894 1916 1087 1981 transcendit
1108 1915 1316 1981 intellectum.

365 2021 440 2102 Sed,
455 2033 491 2084 ut
507 2017 551 2082 ait
572 2019 707 2102 sapiens,
721 2016 813 2081 cedat
835 2018 969 2084 inscitius
991 2018 1120 2083 nubilus
1135 2041 1234 2097 error,
1249 2041 1316 2082 ces·

364 2133 432 2186 sent
456 2117 599 2206 proiecto
625 2117 704 2179 mira
731 2116 840 2182 videri.
886 2120 960 2183 Non
988 2132 1092 2183 tamen
1118 2118 1312 2183 mirabilium

364 2222 426 2286 Dei
442 2219 536 2282 fidem
554 2218 602 2280 vel
617 2218 838 2283 auctoritatem
855 2220 1014 2304 infringo,
1040 2220 1094 2284 sed
1109 2221 1313 2285 altitudinem

362 2323 546 2388 divitiarum
564 2320 726 2405 sapientiae
738 2334 770 2384 et
782 2322 920 2388 scientiae
937 2346 1013 2403 suae,
1023 2323 1116 2410 plena
1131 2323 1314 2387 bumilitate

361 2447 494 2488 veneror
509 2436 540 2487 ct
553 2421 702 2497 admiror,
716 2423 814 2487 sciens
831 2424 906 2510 quia
922 2425 1009 2510 quod
1023 2425 1158 2490 stultum
1175 2437 1223 2488 est
1237 2423 1310 2499 Dei,

361 2524 534 2614 sapientius
561 2536 609 2588 est
639 2523 831 2589 hominibus.
884 2527 923 2589 In
951 2527 1059 2592 multis
1088 2529 1203 2590 etenim
1232 2525 1309 2602 labi,

358 2630 496 2694 bumana
522 2625 688 2690 infirmitas
710 2639 770 2704 est,
793 2627 875 2692 sicut
898 2627 930 2691 in
955 2628 1042 2692 nullo
1065 2628 1156 2693 aliter
1179 2627 1308 2705 sentire,

357 2753 455 2816 quam
472 2752 521 2793 res
536 2753 567 2793 se
582 2728 710 2805 babeat,
727 2729 868 2813 angelica
885 2729 933 2793 vel
950 2730 1057 2794 divina
1073 2729 1237 2816 perfectio.

427 2971 507 3055 Cap.
527 2974 575 3032 13.
603 2971 689 3043 Quia
703 2971 796 3033 Deua
810 2971 914 3051 signis
928 2991 1021 3033 auam
1033 2972 1236 3052 promerui-re

647 3073 803 3154 (liquatur
817 3080 1011 3136 creaturam.

396 3210 469 3271 Hoc
486 3228 616 3293 quoque
639 3205 755 3270 divinae
778 3205 988 3270 miserationis
1010 3218 1069 3282 est,
1085 3206 1174 3291 quod
1197 3207 1303 3294 signo·

348 3331 419 3372 rum
436 3330 565 3370 suorum
582 3307 700 3372 indicio
717 3308 927 3392 ignorantiam
946 3321 1085 3372 nostram
1102 3310 1301 3397 quandoque

348 3408 532 3494 praemunit.
579 3410 711 3473 Cometa
734 3409 889 3494 siquidem
915 3423 1100 3496 apparente,
1123 3411 1302 3477 creduntur

349 3507 513 3571 imminere
529 3508 667 3572 comitia.
714 3511 766 3572 An
783 3509 911 3595 ignoras

559 3633 635 3685 terris
647 3640 790 3686 mutantem
801 3653 883 3702 regna
895 3637 1049 3690 Cometemt

347 3741 453 3807 Italiae
474 3766 606 3830 quoque
628 3743 810 3809 imminente
833 3747 969 3824 excidio,
990 3772 1064 3835 quae
1086 3753 1178 3836 signa
1199 3755 1301 3820 conti·

344 3843 460 3928 gerint,
477 3867 538 3908 non
554 3845 653 3909 nescit
677 3845 821 3932 quisquis
843 3847 1047 3935 aliquatenus
1068 3874 1174 3916 rerum
1191 3855 1300 3940 publi-

345 3967 453 4009 carum
470 3943 617 4009 historias
632 3946 750 4032 attigit.
782 3950 1016 4015 Historicorum
1034 3954 1206 4034 volumina,
1222 3980 1299 4043 quoe

344 4046 384 4110 de
407 4047 502 4111 rebus
522 4048 784 4114 memorabilibus
808 4051 1005 4129 scribuntur,
1026 4054 1181 4141 prodigiis
1202 4057 1298 4143 plena

344 4161 418 4213 sunt
447 4161 479 4213 et
509 4147 650 4213 ostentis.
705 4150 854 4237 Denique
884 4155 942 4219 sub
974 4156 1069 4220 Helia
1098 4171 1131 4222 et
1162 4159 1297 4226 Heliseo

342 4255 444 4316 multa
458 4250 532 4315 fidei
547 4264 578 4315 et
595 4250 724 4316 virtutis
742 4253 831 4338 signa
852 4261 1048 4339 praecessisse
1063 4281 1126 4323 non
1146 4260 1295 4348 ambigis.
