3309 5309
385 643 447 699 ΜΞ
642 652 779 695 mamus
795 651 1077 696 sasasasausnsrs
1124 634 1131 645 “
1195 635 1276 712 [ms.
1293 655 1334 698 ιν.

384 801 527 875 trabunt,
551 802 576 863 si
602 800 724 875 volunt,
748 813 779 863 et
801 799 933 881 audent,
955 800 1097 885 exlegem
1124 801 1254 878 saciant,
1275 825 1334 886 ego

382 926 446 966 non
467 901 563 964 modo
584 903 635 965 his
661 901 883 980 renitentibus,
905 901 960 964 sed
990 900 1112 965 mundo
1135 901 1334 980 reclamante,

382 1005 467 1089 ipsos
496 1003 556 1066 bac
585 1000 654 1087 lege
684 1002 783 1065 teneri
809 1002 970 1066 confirmo.
1017 1005 1055 1065 ln
1082 1025 1148 1087 quo
1170 1006 1267 1080 enim,
1288 1004 1333 1066 iu-

379 1205 461 1278 ritis,
487 1201 686 1288 judicabimi.
736 1204 780 1264 Et
809 1213 895 1264 certe
920 1201 1079 1287 judicium
1109 1202 1328 1286 gravissimum

379 1304 412 1366 in
427 1303 477 1366 his
495 1302 552 1386 qui
568 1312 709 1385 praesunt
731 1300 797 1379 fiet,
811 1323 849 1362 eo
872 1300 959 1385 quod
983 1322 1130 1364 mensura
1145 1301 1240 1381 bona,
1258 1323 1328 1363 cou-

378 1404 472 1479 serta,
510 1415 542 1466 et
577 1397 754 1485 coagitata'
779 1413 809 1464 et
846 1400 1043 1485 superfluens
1075 1400 1264 1464 refundetur
1297 1401 1327 1462 in

378 1505 464 1570 sinus
485 1526 604 1567 eorum.
650 1506 719 1567 Nec
741 1516 845 1565 tamen
868 1502 1134 1588 dispensationem
1156 1502 1237 1586 legis
1258 1503 1328 1566 sub

377 1606 469 1669 traho
484 1604 630 1669 manibus
645 1614 852 1688 potestatum,
869 1602 923 1665 sed
938 1615 1125 1688 perpetuam
1141 1605 1327 1689 praeceptio-

375 1727 459 1781 nem,
469 1719 527 1769 aut
543 1703 787 1790 prohibitionem
804 1703 963 1778 habentia,
976 1703 1068 1767 libito
1083 1727 1195 1767 eorum
1212 1726 1328 1788 nequa-

374 1828 471 1892 quam
490 1805 626 1869 arbitror
648 1802 867 1887 supponenda.
914 1805 952 1866 In
968 1804 1017 1866 his
1038 1804 1149 1889 itaque
1172 1804 1326 1868 duntaxat

374 1931 446 1994 quae
472 1907 601 1970 mobilia
621 1918 707 1981 suut,
724 1904 918 1990 dispensatio
933 1906 1101 1970 verborum
1122 1906 1320 1978 admittitur;

373 2008 419 2071 ita
433 2020 537 2071 tamen
563 2020 597 2071 ut
613 2006 868 2091 compensatione
891 2007 1067 2070 honestatis
1088 2019 1144 2070 aut
1168 2006 1322 2084 utilitatis,

372 2130 460 2170 meus
475 2107 553 2192 legis
567 2107 691 2188 integra
705 2119 920 2170 conservetur·
960 2109 1027 2171 Nec
1041 2106 1195 2187 elevetur,
1209 2109 1323 2193 inquit,

369 2230 424 2272 cor
438 2208 509 2290 ejus
523 2207 556 2268 in
572 2206 763 2289 superbiam,
776 2229 871 2291 super
886 2207 1000 2271 fratres
1016 2230 1098 2272 suos.
1129 2207 1225 2285 Quod
1241 2231 1318 2294 prae·

369 2309 465 2391 cipue
480 2303 686 2367 necessarium
703 2316 761 2377 est,
775 2306 893 2389 saepius
908 2304 1051 2391 replicat,
1063 2329 1101 2368 eo
1115 2306 1204 2391 quod
1218 2306 1320 2370 humi-

368 2402 441 2468 litas
455 2424 617 2488 nunquam
637 2403 712 2466 satis
728 2402 855 2466 videtur
876 2403 1098 2470 commendata
1112 2405 1318 2490 principibus,

367 2521 398 2570 et
419 2501 640 2568 difficillimum
663 2515 711 2565 est
734 2516 770 2567 ut
793 2503 910 2587 gradus
932 2504 1060 2570 honoris
1082 2517 1238 2570 tumorem
1256 2528 1318 2570 non

365 2609 469 2694 pariat
484 2606 517 2668 in
532 2605 636 2669 animo
652 2605 872 2691 imprudentis.
904 2607 1056 2691 Superbis
1071 2606 1185 2691 utique
1200 2608 1318 2672 resistit

364 2711 466 2782 Deus,
488 2720 521 2771 et
543 2706 719 2771 humilibus
741 2706 797 2769 dat
819 2707 965 2791 gratiam.
1011 2706 1151 2770 Proinde
1173 2731 1228 2772 rex
1248 2721 1316 2772 orat

364 2831 403 2871 ne
418 2811 524 2872 veniat
542 2809 643 2893 cipes
663 2807 832 2893 superbiae,
848 2809 925 2893 quia
946 2810 978 2871 in
995 2832 1033 2873 eo
1053 2808 1247 2889 ceciderunt,
1263 2809 1316 2894 qui

361 2921 535 2993 operantur
560 2907 773 2993 iniquitatem,
797 2907 921 2993 expulsi
949 2922 1033 2985 sunt,
1057 2931 1114 2974 nec
1140 2920 1313 2994 potuerunt

361 3021 454 3072 stare.
489 3011 562 3072 Non
576 3007 688 3092 utique
698 3006 862 3089 superbiat
876 3029 973 3092 super
985 3007 1101 3071 fratres
1113 3030 1122 3081 ;
1145 3009 1200 3071 sed
1213 3030 1313 3093 quum

359 3110 491 3174 fratrum
515 3109 702 3183 meminerit,
719 3109 895 3173 fraternum
920 3108 1071 3194 subjectis
1093 3109 1241 3172 omnibus
1255 3109 1311 3173 im·

359 3211 478 3296 pendat
493 3213 651 3274 affectum.
697 3213 742 3272 Et
757 3209 888 3292 quidem
910 3210 1084 3294 prudenter
1099 3209 1311 3275 bumilitatem

357 3334 429 3374 cum
453 3309 640 3373 discretione
663 3324 694 3373 et
716 3311 849 3374 caritate
872 3309 983 3374 indicit
1005 3310 1212 3396 principibus,
1235 3312 1311 3397 quia

357 3409 423 3472 sine
447 3409 516 3472 istis
540 3413 669 3473 omnino
693 3410 863 3474 subsistere
887 3432 950 3473 non
977 3423 1081 3495 potest
1104 3413 1309 3496 principatus.

356 3508 511 3592 Quisquis
543 3532 617 3592 ergo
646 3509 782 3593 gradum
813 3511 952 3595 propriae
988 3509 1186 3574 celsitudinis
1215 3523 1310 3590 amat,

354 3606 542 3672 humilitatis
557 3608 677 3672 cultum
694 3609 725 3671 in
742 3609 920 3674 minoribus
935 3609 1179 3694 diligentissime
1193 3624 1307 3676 teneat.

353 3708 436 3770 Nam
453 3707 508 3792 qui
520 3709 561 3771 ab
578 3709 768 3773 humilitatis
784 3710 937 3795 operibus
960 3710 1093 3791 recedit,
1108 3734 1127 3774 a
1142 3710 1308 3795 dignitatis

351 3830 418 3872 suae
440 3808 578 3891 fastigio,
604 3809 737 3872 tumoris
758 3810 899 3891 pondere
921 3811 1017 3875 cadit.
1063 3809 1198 3876 Obtinet
1221 3815 1303 3876 enim

349 3917 515 3992 perpetuo,
537 3907 614 3987 quia
636 3906 693 3989 qui
718 3928 750 3967 se
775 3906 923 3971 humiliat
949 3907 1156 3983 exaltabitur,
1182 3924 1214 3975 et
1237 3911 1305 3974 vice

349 4028 451 4084 versa,
464 4003 520 4089 qui
539 4026 571 4066 se
586 4008 706 4068 exaltat
718 4004 926 4091 deprimetur.
956 4010 1078 4094 Regem
1091 4013 1307 4074 Romanorum

347 4106 559 4170 novissimum
577 4103 789 4189 Tarquinium
812 4107 889 4174 fecit
904 4131 971 4172 esse
994 4110 1155 4195 superbia,
1170 4124 1202 4176 et
1222 4112 1251 4174 ei
1266 4111 1306 4175 ab

343 4208 529 4272 humilitate
557 4206 657 4291 magis
683 4212 873 4273 necessarios
903 4210 1067 4280 substituit
1093 4211 1305 4294 magistratus.
