3309 5309
687 646 829 694 cu.
862 623 1004 707 xm]
1365 638 1872 685 Pomona-ncne.
2455 620 2582 681 327

689 819 868 863 num.
961 796 1031 859 Si
1080 791 1446 878 quempiam
1498 791 1921 854 calumniatus
1977 811 2140 868 sum,
2186 790 2241 853 si
2300 788 2585 872 oppressi

691 900 993 982 aliquem.
1090 890 1433 956 Neminem
1490 890 1724 973 injuste
1782 899 2142 967 vexaverat,
2198 891 2308 973 qui
2365 908 2588 952 omnes

692 997 1051 1066 calumnias
1081 993 1490 1070 excludebat,
1520 1011 1639 1054 nec
1669 990 1990 1073 judicium
2029 990 2167 1074 ejus
2195 991 2593 1074 pervertebat

696 1121 847 1165 caro
878 1099 983 1160 vel
1012 1093 1294 1175 sanguis,
1328 1093 1443 1176 qui
1479 1092 1725 1154 nullum
1771 1110 2052 1173 unquam
2098 1091 2431 1173 oppressit.
2520 1089 2593 1151 Si

699 1201 870 1266 enim
886 1199 954 1260 in
976 1214 1201 1259 manus
1213 1193 1352 1277 ejus
1364 1193 1701 1276 quisquam
1711 1190 2042 1265 inciderat,
2057 1213 2188 1254 non
2208 1212 2355 1254 eum
2366 1191 2596 1276 judex,

699 1302 817 1367 sed
845 1297 1111 1383 propria
1135 1291 1440 1377 iniquitas
1461 1292 1882 1376 opprimebat.
1957 1293 2027 1355 Si
2057 1293 2136 1355 de
2164 1314 2359 1357 manu
2388 1292 2598 1377 cujus-

700 1421 892 1487 quam
910 1417 1148 1462 munus
1166 1393 1413 1477 accepi,
1426 1400 1830 1456 contemnam
1844 1392 2004 1456 illud
2014 1393 2228 1467 hodie,
2245 1393 2604 1457 restituam-

703 1523 826 1587 que
850 1499 1060 1564 vobiS.
1129 1494 1303 1568 Quid
1321 1515 1542 1577 quaeso
1562 1492 1929 1576 expressius
1948 1493 2079 1557 dici
2095 1492 2375 1577 poterat?
2424 1494 2518 1556 Ut
2534 1492 2604 1554 in

705 1621 958 1667 summa
1008 1617 1266 1661 omnem
1312 1594 1590 1658 avaritiae
1639 1593 2072 1677 suspicionem
2115 1597 2321 1674 tollat,
2364 1595 2604 1658 nullius

705 1702 992 1769 muneris
1055 1696 1517 1762 conscientiam
1586 1695 1781 1759 docet
1842 1717 1909 1759 se
1973 1696 2293 1774 habuisse,
2350 1706 2607 1780 paratus

710 1816 1121 1872 contemnere
1151 1810 1217 1864 et
1243 1798 1594 1872 restituere,
1618 1797 1674 1859 si
1703 1797 1857 1880 quid
1888 1799 2146 1862 omnino
2176 1796 2350 1880 exigi
2370 1808 2606 1882 posset.

712 1905 1007 1971 Malebat
1035 1901 1204 1964 enim
1233 1895 1394 1961 illud
1423 1896 1756 1960 restituere
1784 1897 1851 1959 in
1880 1899 2203 1981 praesenti,
2232 1918 2424 1980 quam
2461 1918 2611 1961 cum

713 2005 921 2072 usuris
965 2000 1231 2066 reddere
1275 1999 1347 2061 in
1387 1997 1619 2071 sutum,
1649 2003 1716 2059 et
1751 2006 2158 2062 contemnere
2200 1998 2361 2062 illud
2398 1998 2614 2076 hodie,

717 2101 1305 2188 satius-judicabat,
1348 2119 1544 2182 quam
1581 2094 1647 2160 in
1689 2108 2044 2182 conspectu
2071 2101 2200 2164 Dei
2238 2110 2305 2165 et
2330 2100 2616 2164 omnium

718 2213 1089 2283 electorum,
1116 2224 1201 2267 ex
1242 2222 1319 2265 ea
1362 2221 1556 2265 causa
1593 2201 1665 2262 in
1709 2222 1914 2265 oevum
1959 2203 2461 2287 contemptibilis
2504 2225 2619 2288 ap-

719 2305 956 2396 parer'e.
1047 2304 1178 2369 Sed
1229 2301 1387 2387 quid
1432 2300 1517 2365 ad
1561 2301 1733 2366 hanc
1778 2303 2298 2368 constitutionem
2342 2306 2480 2393 ejus
2522 2327 2621 2370 re·

721 2410 984 2496 spondit
1010 2404 1303 2471 auditor?
1364 2403 1559 2467 Audi.
1620 2405 1714 2468 Et
1760 2405 2081 2470 dixerunt.
2141 2406 2313 2479 Qui?
2376 2408 2622 2491 Utique

723 2520 896 2577 totus
953 2507 1175 2571 Israel.
1283 2505 1456 2567 Nam
1512 2503 1596 2568 ad
1666 2526 1887 2568 omnes
1961 2527 2209 2569 sermon
2279 2507 2623 2573 direxerat.

728 2613 882 2676 Non
931 2629 1002 2671 es
1053 2604 1476 2670 calumniatus
1525 2625 1668 2679 nos,
1713 2627 1926 2690 neque
1975 2607 2374 2690 oppressisti,
2414 2628 2625 2692 neque

729 2709 929 2776 tulisti
958 2707 1038 2773 de
1068 2727 1263 2771 manu
1293 2704 1562 2791 alicujus
1591 2707 1945 2791 quippiam.
2036 2708 2107 2772 Si
2159 2709 2305 2791 quis
2352 2729 2628 2793 procon-

728 2813 960 2888 sulum,
1000 2807 1452 2893 praesidumve,
1494 2818 1603 2871 aut
1665 2808 1975 2888 tribunus,
2013 2817 2125 2874 aut
2162 2811 2475 2889 centurio,
2516 2809 2628 2875 de·

732 2914 1008 2991 curiove,
1059 2921 1172 2975 aut
1217 2909 1479 2973 omnino
1529 2910 1765 2995 aliquis
1824 2912 2228 2996 magistratus
2274 2915 2401 2978 tale
2449 2913 2627 2979 testi-

734 3015 1018 3082 monium
1047 3034 1086 3077 a
1113 3012 1611 3096 provincialibus
1639 3013 1895 3091 meruit,
1923 3014 2007 3078 ad
2055 3015 2450 3099 provinciam
2478 3037 2630 3079 nos-

736 3130 894 3184 tram
924 3136 1145 3200 quaeso
1175 3113 1467 3194 accedat,
1512 3123 1587 3181 ut
1635 3127 1888 3180 nostros
1936 3117 2168 3182 doceat
2216 3118 2632 3200 magistratus.

743 3222 910 3286 Nam
937 3217 1021 3282 de
1070 3217 1583 3297 vicecomitibus,
1630 3229 1697 3282 et
1731 3218 2021 3303 justitiis,
2069 3242 2233 3304 quae,
2279 3233 2350 3286 ut
2394 3220 2637 3303 vulgari

742 3332 956 3387 nostro
972 3329 1131 3400 utar,
1153 3329 1322 3384 recte
1341 3320 1642 3386 dicuntur
1660 3324 2206 3404 Enmnms,nihi1
2227 3327 2349 3389 tale
2368 3323 2643 3404 auditur,

745 3446 821 3490 eo
850 3423 1026 3508 quod
1063 3422 1341 3505 diligunt
1368 3445 1656 3505 munera,
1686 3437 1749 3490 et
1790 3438 2139 3511 sequuntur
2179 3424 2644 3505 retributiones,

746 3548 865 3591 nec
894 3527 1168 3591 liberant
1213 3547 1562 3610 pauperem
1611 3549 1653 3592 a
1699 3537 1982 3614 potente,
2012 3529 2277 3594 advenae
2307 3540 2371 3593 et
2397 3528 2643 3612 pupillo

747 3651 874 3695 non
935 3627 1253 3713 judicant,
1310 3639 1375 3694 et
1432 3652 1632 3695 causa
1700 3631 1911 3696 viduae
1967 3653 2098 3694 non
2155 3630 2504 3714 ingreditur
2561 3629 2647 3696 ad

748 3753 876 3795 eos.
963 3731 1160 3795 Porro
1201 3752 1323 3795 nec
1358 3731 1617 3817 judices
1663 3734 2088 3799 ecclesiastici
2132 3745 2485 3819 sequuntur
2530 3734 2647 3799 Sap

750 3836 1042 3911 muelem,
1095 3834 1210 3898 sed
1261 3835 1427 3898 sicut
1492 3839 1799 3922 populus,
1868 3839 1961 3902 sic
2027 3847 2094 3902 et
2163 3837 2481 3903 sacerdos
2570 3839 2652 3902 In

753 3957 1085 4002 commune
1133 3936 1551 4019 conqueritur
1601 3934 1956 4024 sapientia:
2066 3940 2394 4005 Tenentes
2443 3941 2652 4022 legem

755 4040 1112 4103 nescienmt
1138 4060 1278 4103 me:
1313 4039 1644 4125 principes
1673 4043 1828 4108 facti
1859 4054 2031 4125 sunt,
2060 4055 2125 4109 et
2175 4065 2295 4124 ego
2342 4041 2653 4122 ignoravi.

759 4140 948 4214 Quod
988 4151 1060 4204 ut
1104 4143 1186 4206 ab
1236 4142 1689 4211 humilioribus
1734 4147 2000 4233 liqueat,
2048 4147 2159 4231 qui
2212 4145 2441 4209 decani
2488 4153 2657 4225 sunt,

761 4244 859 4308 vel
914 4241 1373 4325 archidiaconi,
1428 4247 1558 4313 nisi
1624 4249 1745 4331 illi,
1790 4260 1865 4316 ut
1923 4251 2147 4319 Simon
2201 4256 2417 4314 noster
2462 4267 2657 4315 vene·

2160 4418 3013 4830 m
