3309 5309
239 645 309 690 oar.
325 629 411 708 xxa]
584 648 840 695 aorrcasrrcus.
1129 642 1186 699 lll

236 795 323 860 entia
348 796 565 874 existentium,
588 799 785 882 praescientia
807 802 1002 881 futurorum,
1023 800 1190 887 dispositio

234 895 465 977 faciendorum,
486 899 686 984 providentia
707 901 1001 985 gubernandorum,
1026 904 1191 987 praedesti-

236 997 324 1063 natio
354 998 576 1064 salvandorum
612 1013 669 1065 est.
728 1004 774 1066 Et
803 1016 851 1067 est
880 1004 1119 1088 praedestinatio
1149 1007 1190 1070 ab

238 1116 358 1165 aeterno
381 1101 496 1186 gratiae
525 1103 727 1188 praeparatio,
753 1126 810 1189 per
840 1128 938 1190 quam
968 1107 1190 1192 unusquisque

238 1215 371 1267 vocatur
385 1203 425 1266 ad
442 1204 553 1280 vitam,
576 1205 657 1269 sicut
672 1205 718 1270 ait
735 1207 924 1291 Apostolus,
942 1209 1032 1285 Quos
1052 1207 1190 1290 praedes-

240 1303 363 1384 tinavit,
383 1305 442 1368 hos
463 1318 495 1369 et
514 1305 657 1380 vocavit,
685 1318 717 1371 et
736 1329 818 1392 qnos
836 1310 972 1386 vocavit,
993 1308 1052 1373 hos
1073 1324 1105 1375 et
1121 1311 1191 1394 jus-

239 1405 383 1482 tificavit,
398 1429 479 1492 qnos
497 1421 605 1472 autem
623 1408 822 1492 justificavit,
845 1409 901 1473 hos
919 1424 950 1475 et
967 1412 1190 1496 magnificavit.

240 1507 286 1571 Et
301 1507 393 1586 alius,
410 1508 512 1594 Apud
528 1523 559 1573 te
574 1523 633 1585 est,
649 1509 766 1595 inquit,
781 1510 854 1576 fons
869 1511 956 1586 vitae,
972 1524 1004 1576 et
1023 1513 1057 1577 in
1071 1513 1192 1577 lumine

238 1619 298 1671 tuo
323 1608 501 1672 videbimus
530 1609 647 1673 lumen.
693 1613 741 1674 Ut
767 1632 843 1692 ergo
869 1611 1025 1675 reverenti
1051 1612 1189 1697 quadam

238 1709 372 1773 audacia
394 1710 524 1774 scientia
546 1711 609 1774 Dei
632 1733 706 1796 quae
728 1711 822 1774 finem
845 1712 956 1791 nescit,
978 1712 1028 1776 vel
1050 1736 1192 1777 sermone

238 1809 334 1874 finem
348 1812 507 1877 inveniat:
546 1814 676 1877 scientia
697 1816 759 1878 Dei
780 1826 826 1878 est
848 1817 990 1878 omnium
1011 1830 1192 1901 quaesunt,

239 1911 383 1990 fuerunt,
403 1926 436 1978 et
456 1913 566 1979 futura
587 1927 673 1996 sunt,
692 1938 768 1981 vera
782 1917 1031 2001 comprehensim
1046 1930 1078 1981 et
1098 1919 1193 2002 plena

240 2013 363 2079 notitia.
386 2019 501 2081 Omnia
513 2016 669 2102 siquidem
680 2040 755 2080 vera
766 2017 867 2094 novit,
877 2030 909 2082 et
920 2018 996 2100 sola,
1007 2018 1192 2104 nullamque

241 2113 394 2199 dignatur
408 2139 576 2201 agnoscere
590 2118 772 2182 falsitatem.
811 2119 892 2181 Eam
906 2128 1010 2181 tamen
1027 2118 1194 2203 dijudicat,

240 2228 272 2278 et
299 2215 496 2282 condemnat.
542 2205 602 2283 Est
628 2219 728 2304 igitur
757 2220 931 2283 necessario
956 2219 1090 2294 infinita,
1117 2242 1193 2304 quae

240 2318 390 2382 universa
412 2341 487 2382 vera
508 2320 740 2405 complectitur,
763 2344 901 2406 quorum
923 2321 1035 2406 utique
1058 2343 1120 2384 non
1143 2333 1191 2384 est

241 2440 405 2499 numerus,
426 2433 481 2483 aut
505 2419 586 2483 adeo
607 2421 761 2502 infinitus,
783 2435 818 2486 ut
842 2423 936 2487 finem
958 2445 1019 2486 non
1040 2422 1193 2499 inveniat,

243 2520 304 2584 nisi
324 2521 357 2585 in
381 2521 533 2607 sapientia
558 2521 629 2600 Dei,
651 2546 724 2607 quae
750 2522 815 2585 sola
838 2523 971 2607 seipsam
994 2535 1115 2607 quanta
1140 2523 1192 2598 sit,

243 2623 342 2689 novit.
388 2623 475 2687 Nihil
497 2623 597 2709 igitur
616 2646 725 2687 eorum
744 2625 935 2708 quae-novit,
950 2623 1100 2707 quoniam
1121 2645 1195 2685 vera

244 2738 331 2802 sunt,
353 2728 523 2804 evanescit,
542 2725 751 2810 omniumque
767 2723 1007 2809 dispositorum,
1028 2724 1196 2808 praesentia

243 2826 328 2901 sint3
364 2840 528 2912 praeterea,
550 2849 589 2889 an
612 2826 735 2902 futura,
758 2825 885 2890 initium
909 2837 941 2889 et
963 2847 1058 2889 causa
1079 2824 1196 2889 veritas

242 2941 301 2992 est.
348 2927 517 2992 Psalmista
532 2925 687 3010 siquidem
703 2930 767 2991 ait:
807 2924 1004 3010 Principium
1027 2924 1195 2988 verborum

243 3041 375 3091 tuorum
401 3027 529 3102 veritas,
555 3050 630 3111 quae
656 3027 745 3092 nullo
770 3027 898 3090 defectu
926 3027 976 3089 sui
1003 3023 1196 3089 transibunt.

243 3126 443 3190 Transibnnt
466 3139 571 3189 tamen
594 3127 710 3190 coelum
733 3140 765 3191 et
788 3140 883 3202 terra,
907 3127 1058 3211 quoniam
1080 3138 1112 3189 et
1137 3128 1198 3189 hoc

245 3230 287 3292 de
303 3227 408 3291 verbis
423 3227 566 3291 veritatis
586 3240 651 3291 est:
677 3241 752 3292 tunc
769 3228 881 3313 utique
901 3251 974 3291 enm
996 3226 1198 3290 deformitate

246 3329 359 3394 mundi
380 3340 529 3415 purgata,
543 3328 769 3393 reformabitur
789 3330 908 3394 eoelnm
928 3350 1045 3392 novum
1067 3340 1099 3391 et
1115 3339 1199 3390 terra

248 3454 340 3494 nova.
389 3431 510 3494 Sentiat
526 3430 745 3517 unusquisqne
766 3431 854 3516 quod
875 3431 935 3494 Dei
951 3430 1030 3494 fides
1045 3428 1094 3492 vel
1118 3426 1199 3491 ratio

247 3533 418 3618 persuadet
428 3547 444 3607 3'
473 3556 532 3616 ego
556 3534 623 3597 sine
649 3533 837 3619 praejudicio
864 3531 1028 3597 sententiae
1052 3529 1200 3608 melioris,

250 3656 323 3697 vera
338 3634 440 3697 modis
453 3633 484 3697 in
500 3634 648 3699 omnibns
656 3635 794 3699 arbitror
810 3634 948 3698 infinita:
973 3655 1075 3717 quum
1086 3631 1118 3695 in
1131 3653 1199 3694 om·

248 3736 344 3801 nibus
358 3758 430 3820 qnae
442 3750 516 3800 sunt
526 3750 558 3801 et
574 3759 648 3823 quae
658 3759 721 3800 nou
736 3751 820 3812 sunt,
836 3738 877 3799 ab
892 3735 984 3799 initio
995 3757 1061 3797 esse
1076 3755 1200 3796 neeesse

252 3837 306 3915 sit,
322 3837 371 3900 vel
392 3859 454 3900 non
474 3861 561 3912 esse3
585 3852 617 3902 et
640 3861 749 3901 eorum
770 3863 846 3924 quae
868 3835 1123 3904 contradictoriae
1143 3857 1199 3919 op-

251 3953 427 4026 ponuntur,
442 3940 577 4005 alterum
601 3964 724 4026 semper
745 3964 785 4004 ex
807 3941 993 4005 necessitate
1015 3939 1054 4002 sit
1079 3957 1200 3999 verum.

253 4043 360 4105 Tanta
375 4064 451 4126 ergo
469 4043 695 4107 numerositate
717 4042 811 4106 semel
827 4056 859 4107 et
875 4042 968 4106 simul
985 4058 1130 4103 verorum
1146 4057 1201 4095 ex·

243 4144 362 4219 crevit,
384 4157 440 4208 aut
461 4144 568 4228 potius
588 4145 696 4209 extitit
715 4165 879 4221 numerus,
896 4160 932 4207 nt
952 4141 1079 4206 omnino
1101 4134 1199 4196 minui

252 4256 389 4328 nequeat
408 4244 458 4307 vel
472 4246 594 4329 augeri,
610 4259 641 4309 et
663 4268 895 4330 usquequaque
910 4245 941 4306 in
957 4260 1060 4302 aevum
1077 4248 1200 4295 maneat
