3309 5309
457 641 518 701 168
711 654 848 700 Josnms
863 652 1143 698 slnssnsmunsrs
1260 635 1342 717 [tre.
1360 657 1413 702 111.

454 806 560 887 batur,
574 803 749 890 extinguat.
797 804 850 869 Ad
866 805 935 869 haec
957 804 1138 869 auditorum
1160 827 1254 870 aures
1274 807 1414 884 obturat,

457 931 497 972 ne
513 907 646 972 audiant
660 930 789 984 verum;
821 929 885 994 quo
902 906 981 993 quid
996 907 1093 993 possit
1113 929 1181 972 esse
1195 907 1415 995 perniciosius,

456 1033 519 1075 non
535 1010 628 1074 facile
642 1009 788 1074 dixerim.
821 1009 945 1074 Scitum
960 1020 1008 1073 est
1022 1008 1103 1074 illud
1119 1009 1224 1087 Laelii,
1240 1022 1297 1075 aut
1311 1011 1417 1096 potius

457 1112 638 1179 Ciceronis:
668 1113 768 1198 Cujus
783 1133 876 1176 aures
891 1111 1008 1175 clausae
1023 1123 1097 1176 sunt
1111 1110 1237 1177 veritati
1253 1123 1290 1176 ut
1304 1135 1416 1176 verum

456 1216 566 1280 audire
588 1237 651 1280 non
673 1214 781 1300 possit,
805 1215 874 1300 ejus
897 1212 981 1278 salus
1003 1214 1201 1299 desperanda
1222 1227 1279 1281 est.
1327 1215 1415 1289 Quid

455 1341 530 1383 vero
545 1317 706 1382 infidelius
721 1340 819 1405 quam
841 1339 927 1392 eum,
944 1316 996 1381 cui
1013 1317 1110 1381 fidem
1132 1317 1261 1395 debeas,
1277 1317 1414 1382 circum·

455 1423 563 1485 venire
588 1419 758 1486 verborum
783 1419 959 1498 blanditiis,
982 1419 1121 1484 ludibrio
1146 1419 1284 1497 habitus,
1306 1432 1415 1505 gestus

456 1524 742 1609 transfiguratione,
768 1535 802 1587 et
828 1522 926 1588 totius
956 1522 1103 1588 vanitatis
1127 1523 1286 1588 lenocinio
1312 1545 1413 1588 excae-

456 1639 573 1704 catum,
590 1628 623 1691 in
640 1626 748 1691 sordes
763 1626 912 1691 vitiorum
922 1626 1090 1712 impellere
1105 1637 1140 1690 et
1153 1626 1413 1713 praecipitationis

455 1728 628 1817 abyssum?
661 1729 751 1804 Quid
780 1729 930 1793 odibilius
956 1728 1067 1794 fraude
1094 1741 1128 1794 et
1152 1729 1236 1807 dolo,
1263 1751 1329 1815 quo
1354 1729 1412 1794 sub

455 1834 594 1919 imagine
610 1832 725 1897 amoris
740 1844 773 1895 et
788 1830 874 1908 fidei,
891 1832 924 1896 in
945 1830 1123 1917 simplicem
1137 1843 1171 1896 et
1185 1831 1354 1896 credulum
1369 1842 1411 1908 et,

455 1936 541 2022 qnod
571 1933 791 1999 detestabilius
819 1946 879 2008 est,
902 1932 1053 2011 amicum,
1078 1933 1222 2018 perfidioe
1247 1944 1282 1997 et
1306 1934 1412 1998 inimi·

457 2040 604 2103 citiarum
631 2036 776 2124 nequitia
802 2036 992 2102 exercetur?
1030 2037 1103 2101 Hoc
1127 2037 1284 2124 siqnidem
1311 2060 1412 2122 genus

456 2138 623 2203 hominum
646 2139 754 2203 omnia
769 2139 970 2226 loquentium
988 2138 1028 2203 ad
1045 2138 1251 2223 voluptatem,
1267 2139 1310 2203 ad
1331 2139 1412 2204 veri·

456 2252 555 2306 tatem
578 2240 667 2306 nihil.
713 2241 821 2305 Verba
839 2240 902 2306 oris
923 2242 992 2327 ejus
1014 2240 1164 2328 iniqnitas
1186 2253 1220 2305 et
1236 2242 1341 2320 dolus,
1357 2242 1411 2328 qui

455 2345 553 2408 etiam
576 2343 754 2408 errantibus
775 2342 896 2423 amicis,
911 2343 951 2407 ad
974 2367 1085 2408 eorum
1103 2344 1342 2409 subversionem
1364 2344 1413 2407 in·

455 2445 609 2531 geminat,
621 2468 714 2531 euge,
730 2467 821 2530 euge.
868 2447 959 2523 Quos
974 2459 1009 2510 ut
1025 2445 1150 2533 plenius
1170 2446 1304 2528 noveris,
1322 2447 1411 2512 Gna·

456 2549 586 2614 thonem
610 2549 696 2636 apud
714 2549 881 2614 Comicum
904 2548 986 2627 vide,
1003 2562 1036 2614 et
1057 2549 1135 2635 quid
1157 2550 1198 2614 de
1220 2573 1254 2615 se
1276 2549 1413 2615 fateatur

456 2651 610 2718 ausculta.

525 2762 554 2813 N
556 2768 619 2830 egat
629 2763 695 2831 quis,
707 2781 785 2831 nego,
797 2766 843 2827 nit,
856 2765 906 2816 sio.
945 2764 1064 2832 Denique
1075 2764 1199 2835 imperavi
1212 2771 1317 2833 egomet
1328 2765 1401 2828 milri,

526 2847 623 2900 Omnia
635 2850 772 2900 assentari.

458 2967 543 3032 Tota
557 2966 644 3032 enirn
659 2966 925 3051 gnathonicorum
942 2968 1048 3046 factio,
1063 2969 1220 3035 comoedia
1234 2982 1292 3036 est.

842 3101 933 3166 Rides,
946 3103 1042 3174 majore
1053 3104 1176 3157 cachinno

418 3207 423 3217 ’
526 3188 691 3252 Concutitur3
709 3187 764 3252 flet,
777 3188 799 3238 si
811 3186 958 3255 lachrymas
969 3191 1108 3260 conspexit
1118 3190 1205 3255 amici,

526 3276 583 3328 Nec
596 3274 684 3327 dolet:
703 3272 845 3340 igniculum
857 3274 879 3324 si
891 3274 989 3326 brnmae
1004 3283 1120 3346 tempore
1132 3293 1231 3346 posces,

528 3360 631 3430 Accipit
642 3359 835 3423 endromidem
854 3360 875 3411 si
888 3359 986 3412 dixeris
998 3363 1102 3424 AEstuo,
1115 3363 1202 3414 sudat.

461 3474 557 3540 Unde
576 3474 761 3538 Umbricius
776 3475 890 3562 inquit,

527 3583 555 3634 N
557 3602 590 3635 on
601 3601 688 3636 sumus
700 3602 761 3652 ergo
773 3604 861 3657 pares:
881 3586 972 3639 melior
983 3589 1027 3656 qui
1039 3606 1149 3661 semper,
1161 3598 1188 3644 et
1200 3595 1270 3644 omni

529 3669 615 3721 Nocte
628 3670 722 3739 dicque
735 3678 821 3742 potest
833 3672 948 3727 alienum
959 3691 1059 3728 sumere
1071 3675 1181 3743 vultum,

528 3754 555 3805 A
566 3752 633 3806 fecie
640 3756 740 3826 jactare
752 3775 851 3823 manus,
863 3757 970 3811 laudare
981 3766 1095 3831 paratus,

527 3841 555 3892 Si
567 3840 635 3892 bene
646 3843 763 3904 ructavit,
777 3850 823 3895 aut
834 3845 856 3896 si
869 3845 930 3912 quid
941 3843 1002 3898 fecit
1015 3849 1113 3900 amicus

527 3926 605 3989 Quod
616 3925 729 3996 proferre
740 3926 825 3997 palam
837 3947 887 3982 non
899 3931 981 4002 possit
990 3930 1081 3999 lingua
1092 3933 1217 3987 modeste.

458 4048 555 4123 Quod
570 4046 700 4136 quidem
719 4068 780 4109 non
797 4048 892 4112 modo
907 4051 1022 4129 amico,
1037 4053 1094 4116 sed
1109 4075 1150 4116 ne
1165 4053 1268 4118 libero
1283 4055 1410 4121 homine

458 4152 590 4236 dignum
615 4162 673 4225 est,
691 4172 789 4235 quum
814 4173 888 4214 vera
910 4163 943 4216 et
962 4154 1056 4221 unica
1081 4153 1212 4220 libertas
1234 4157 1266 4220 in
1291 4157 1413 4223 virtutis

458 4253 595 4340 speciem
623 4252 725 4331 cadat,
753 4264 785 4317 et
811 4253 974 4340 turpitudo
1000 4279 1079 4342 quos
1105 4257 1217 4339 inlicit,
1242 4273 1410 4346 postremae
