<?xml version="1.0" encoding="UTF-8"?>
<!DOCTYPE html PUBLIC "-//W3C//DTD XHTML 1.0 Transitional//EN"
    "http://www.w3.org/TR/xhtml1/DTD/xhtml1-transitional.dtd">
<html xmlns="http://www.w3.org/1999/xhtml" xml:lang="en" lang="en">
 <head>
  <title>
</title>
<meta http-equiv="Content-Type" content="text/html;charset=utf-8" />
  <meta name='ocr-system' content='tesseract 3.04.00' />
  <meta name='ocr-capabilities' content='ocr_page ocr_carea ocr_par ocr_line ocrx_word'/>
</head>
<body>
  <div class='ocr_page' id='page_1' title='image "./joannissaresber04johngoog_0131.png"; bbox 0 0 3309 5309; ppageno 0'>
   <div class='ocr_carea' id='block_1_1' title="bbox 212 662 1170 741">
    <p class='ocr_par' dir='ltr' id='par_1_1' title="bbox 212 662 1170 741">
     <span class='ocr_line' id='line_1_1' title="bbox 212 662 1170 741; baseline -0.002 -17"><span class='ocrx_word' id='word_1_1' title='bbox 212 680 282 724; x_wconf 77' lang='lat' dir='ltr'>aar.</span> <span class='ocrx_word' id='word_1_2' title='bbox 298 662 399 741; x_wconf 73' lang='lat' dir='ltr'>niun]</span> <span class='ocrx_word' id='word_1_3' title='bbox 558 677 812 723; x_wconf 72' lang='lat' dir='ltr'>rorncnamcns.</span> <span class='ocrx_word' id='word_1_4' title='bbox 1110 666 1170 723; x_wconf 80' lang='grc'>115</span> 
     </span>
    </p>
   </div>
   <div class='ocr_carea' id='block_1_2' title="bbox 207 828 1169 4269">
    <p class='ocr_par' dir='ltr' id='par_1_2' title="bbox 207 828 1169 4269">
     <span class='ocr_line' id='line_1_2' title="bbox 210 828 1163 916; baseline 0 -24"><span class='ocrx_word' id='word_1_5' title='bbox 210 828 509 916; x_wconf 78' lang='lat' dir='ltr'>importunitatibus</span> <span class='ocrx_word' id='word_1_6' title='bbox 520 840 650 893; x_wconf 85' lang='lat' dir='ltr'>eatenus</span> <span class='ocrx_word' id='word_1_7' title='bbox 665 851 801 913; x_wconf 87' lang='lat' dir='ltr'>premor,</span> <span class='ocrx_word' id='word_1_8' title='bbox 816 845 852 893; x_wconf 89' lang='lat' dir='ltr'>ut</span> <span class='ocrx_word' id='word_1_9' title='bbox 867 829 955 910; x_wconf 90' lang='lat' dir='ltr'>quod</span> <span class='ocrx_word' id='word_1_10' title='bbox 970 828 1163 913; x_wconf 84' lang='lat' dir='ltr'>inopinabile</span> 
     </span>
     <span class='ocr_line' id='line_1_3' title="bbox 210 930 1162 1016; baseline -0.001 -21"><span class='ocrx_word' id='word_1_11' title='bbox 210 945 270 1007; x_wconf 90' lang='lat' dir='ltr'>est,</span> <span class='ocrx_word' id='word_1_12' title='bbox 295 930 371 996; x_wconf 90' lang='lat' dir='ltr'>licet</span> <span class='ocrx_word' id='word_1_13' title='bbox 394 931 550 994; x_wconf 88' lang='lat' dir='ltr'>inveniam</span> <span class='ocrx_word' id='word_1_14' title='bbox 575 943 734 994; x_wconf 81' lang='lat' dir='ltr'>consortes</span> <span class='ocrx_word' id='word_1_15' title='bbox 760 931 885 1006; x_wconf 89' lang='lat' dir='ltr'>erroris,</span> <span class='ocrx_word' id='word_1_16' title='bbox 910 934 1039 1016; x_wconf 89' lang='lat' dir='ltr'>propria</span> <span class='ocrx_word' id='word_1_17' title='bbox 1066 942 1162 995; x_wconf 78' lang='lat' dir='ltr'>teme·</span> 
     </span>
     <span class='ocr_line' id='line_1_4' title="bbox 208 1031 1161 1112; baseline -0.001 -15"><span class='ocrx_word' id='word_1_18' title='bbox 208 1033 304 1098; x_wconf 81' lang='lat' dir='ltr'>ritate</span> <span class='ocrx_word' id='word_1_19' title='bbox 330 1032 413 1098; x_wconf 89' lang='lat' dir='ltr'>tueri</span> <span class='ocrx_word' id='word_1_20' title='bbox 439 1032 639 1097; x_wconf 83' lang='lat' dir='ltr'>contendam.</span> <span class='ocrx_word' id='word_1_21' title='bbox 686 1032 776 1096; x_wconf 90' lang='lat' dir='ltr'>Malo</span> <span class='ocrx_word' id='word_1_22' title='bbox 801 1056 873 1097; x_wconf 90' lang='lat' dir='ltr'>cum</span> <span class='ocrx_word' id='word_1_23' title='bbox 901 1031 1111 1112; x_wconf 81' lang='lat' dir='ltr'>Academicis,</span> <span class='ocrx_word' id='word_1_24' title='bbox 1135 1033 1161 1097; x_wconf 94' lang='lat' dir='ltr'>si</span> 
     </span>
     <span class='ocr_line' id='line_1_5' title="bbox 209 1134 1158 1221; baseline -0.002 -22"><span class='ocrx_word' id='word_1_25' title='bbox 209 1147 314 1200; x_wconf 88' lang='lat' dir='ltr'>tamen</span> <span class='ocrx_word' id='word_1_26' title='bbox 330 1135 391 1199; x_wconf 86' lang='lat' dir='ltr'>alia</span> <span class='ocrx_word' id='word_1_27' title='bbox 407 1134 456 1198; x_wconf 90' lang='lat' dir='ltr'>via</span> <span class='ocrx_word' id='word_1_28' title='bbox 472 1155 534 1198; x_wconf 89' lang='lat' dir='ltr'>non</span> <span class='ocrx_word' id='word_1_29' title='bbox 550 1147 668 1221; x_wconf 87' lang='lat' dir='ltr'>pateat,</span> <span class='ocrx_word' id='word_1_30' title='bbox 685 1134 724 1198; x_wconf 95' lang='lat' dir='ltr'>de</span> <span class='ocrx_word' id='word_1_31' title='bbox 740 1134 874 1221; x_wconf 88' lang='lat' dir='ltr'>singulis</span> <span class='ocrx_word' id='word_1_32' title='bbox 888 1134 1047 1212; x_wconf 88' lang='lat' dir='ltr'>dubitare,</span> <span class='ocrx_word' id='word_1_33' title='bbox 1061 1157 1158 1220; x_wconf 89' lang='lat' dir='ltr'>quam</span> 
     </span>
     <span class='ocr_line' id='line_1_6' title="bbox 209 1235 1161 1323; baseline -0.002 -23"><span class='ocrx_word' id='word_1_34' title='bbox 209 1237 382 1322; x_wconf 87' lang='lat' dir='ltr'>pernitiosa</span> <span class='ocrx_word' id='word_1_35' title='bbox 411 1236 611 1300; x_wconf 85' lang='lat' dir='ltr'>simulatione</span> <span class='ocrx_word' id='word_1_36' title='bbox 639 1237 788 1315; x_wconf 83' lang='lat' dir='ltr'>scientiae,</span> <span class='ocrx_word' id='word_1_37' title='bbox 817 1236 904 1323; x_wconf 94' lang='lat' dir='ltr'>quod</span> <span class='ocrx_word' id='word_1_38' title='bbox 934 1237 1079 1321; x_wconf 87' lang='lat' dir='ltr'>ignotum</span> <span class='ocrx_word' id='word_1_39' title='bbox 1110 1235 1161 1298; x_wconf 91' lang='lat' dir='ltr'>vel</span> 
     </span>
     <span class='ocr_line' id='line_1_7' title="bbox 209 1337 1161 1425; baseline 0 -24"><span class='ocrx_word' id='word_1_40' title='bbox 209 1337 430 1402; x_wconf 80' lang='lat' dir='ltr'>absconditum</span> <span class='ocrx_word' id='word_1_41' title='bbox 455 1351 514 1415; x_wconf 88' lang='lat' dir='ltr'>est,</span> <span class='ocrx_word' id='word_1_42' title='bbox 539 1350 655 1402; x_wconf 88' lang='lat' dir='ltr'>temere</span> <span class='ocrx_word' id='word_1_43' title='bbox 677 1337 822 1418; x_wconf 87' lang='lat' dir='ltr'>diffinire,</span> <span class='ocrx_word' id='word_1_44' title='bbox 843 1339 1017 1424; x_wconf 87' lang='lat' dir='ltr'>praesertim</span> <span class='ocrx_word' id='word_1_45' title='bbox 1040 1339 1161 1425; x_wconf 91' lang='lat' dir='ltr'>inquo</span> 
     </span>
     <span class='ocr_line' id='line_1_8' title="bbox 209 1438 1160 1504; baseline -0.001 -1"><span class='ocrx_word' id='word_1_46' title='bbox 209 1438 375 1504; x_wconf 85' lang='lat' dir='ltr'>assertioni</span> <span class='ocrx_word' id='word_1_47' title='bbox 391 1462 469 1504; x_wconf 85' lang='lat' dir='ltr'>meae</span> <span class='ocrx_word' id='word_1_48' title='bbox 483 1440 550 1503; x_wconf 87' lang='lat' dir='ltr'>fere</span> <span class='ocrx_word' id='word_1_49' title='bbox 564 1451 652 1503; x_wconf 88' lang='lat' dir='ltr'>totus</span> <span class='ocrx_word' id='word_1_50' title='bbox 667 1438 888 1502; x_wconf 86' lang='lat' dir='ltr'>adversabitur</span> <span class='ocrx_word' id='word_1_51' title='bbox 902 1438 1053 1504; x_wconf 85' lang='lat' dir='ltr'>mundus.</span> <span class='ocrx_word' id='word_1_52' title='bbox 1094 1443 1160 1504; x_wconf 91' lang='lat' dir='ltr'>Eo·</span> 
     </span>
     <span class='ocr_line' id='line_1_9' title="bbox 210 1539 1161 1625; baseline 0.001 -21"><span class='ocrx_word' id='word_1_53' title='bbox 210 1563 275 1625; x_wconf 90' lang='lat' dir='ltr'>que</span> <span class='ocrx_word' id='word_1_54' title='bbox 299 1539 452 1606; x_wconf 90' lang='lat' dir='ltr'>libentius</span> <span class='ocrx_word' id='word_1_55' title='bbox 480 1539 687 1603; x_wconf 86' lang='lat' dir='ltr'>Academicos</span> <span class='ocrx_word' id='word_1_56' title='bbox 711 1539 819 1614; x_wconf 90' lang='lat' dir='ltr'>audio,</span> <span class='ocrx_word' id='word_1_57' title='bbox 841 1539 927 1623; x_wconf 93' lang='lat' dir='ltr'>quod</span> <span class='ocrx_word' id='word_1_58' title='bbox 954 1561 1062 1603; x_wconf 93' lang='lat' dir='ltr'>eorum</span> <span class='ocrx_word' id='word_1_59' title='bbox 1088 1564 1161 1625; x_wconf 75' lang='lat' dir='ltr'>quaa</span> 
     </span>
     <span class='ocr_line' id='line_1_10' title="bbox 211 1639 1160 1719; baseline -0.002 -13"><span class='ocrx_word' id='word_1_60' title='bbox 211 1642 296 1719; x_wconf 88' lang='lat' dir='ltr'>novi,</span> <span class='ocrx_word' id='word_1_61' title='bbox 312 1642 391 1706; x_wconf 89' lang='lat' dir='ltr'>nibil</span> <span class='ocrx_word' id='word_1_62' title='bbox 414 1643 577 1719; x_wconf 82' lang='lat' dir='ltr'>auferunt,</span> <span class='ocrx_word' id='word_1_63' title='bbox 592 1655 624 1705; x_wconf 89' lang='lat' dir='ltr'>et</span> <span class='ocrx_word' id='word_1_64' title='bbox 648 1641 680 1705; x_wconf 92' lang='lat' dir='ltr'>in</span> <span class='ocrx_word' id='word_1_65' title='bbox 705 1639 815 1705; x_wconf 89' lang='lat' dir='ltr'>multis</span> <span class='ocrx_word' id='word_1_66' title='bbox 833 1641 955 1705; x_wconf 85' lang='lat' dir='ltr'>iaciunt</span> <span class='ocrx_word' id='word_1_67' title='bbox 978 1641 1160 1718; x_wconf 87' lang='lat' dir='ltr'>cautiorem,</span> 
     </span>
     <span class='ocr_line' id='line_1_11' title="bbox 210 1741 1162 1829; baseline -0.002 -21"><span class='ocrx_word' id='word_1_68' title='bbox 210 1766 400 1829; x_wconf 86' lang='lat' dir='ltr'>magnorum</span> <span class='ocrx_word' id='word_1_69' title='bbox 415 1743 555 1807; x_wconf 91' lang='lat' dir='ltr'>virorum</span> <span class='ocrx_word' id='word_1_70' title='bbox 572 1741 762 1807; x_wconf 87' lang='lat' dir='ltr'>auctoritate</span> <span class='ocrx_word' id='word_1_71' title='bbox 778 1741 915 1819; x_wconf 90' lang='lat' dir='ltr'>suffulti,</span> <span class='ocrx_word' id='word_1_72' title='bbox 931 1765 1030 1826; x_wconf 90' lang='lat' dir='ltr'>quum</span> <span class='ocrx_word' id='word_1_73' title='bbox 1048 1741 1088 1805; x_wconf 89' lang='lat' dir='ltr'>ad</span> <span class='ocrx_word' id='word_1_74' title='bbox 1108 1765 1162 1806; x_wconf 86' lang='lat' dir='ltr'>eos</span> 
     </span>
     <span class='ocr_line' id='line_1_12' title="bbox 209 1844 1161 1931; baseline -0.003 -21"><span class='ocrx_word' id='word_1_75' title='bbox 209 1846 306 1910; x_wconf 86' lang='lat' dir='ltr'>etiam</span> <span class='ocrx_word' id='word_1_76' title='bbox 329 1847 363 1910; x_wconf 94' lang='lat' dir='ltr'>in</span> <span class='ocrx_word' id='word_1_77' title='bbox 390 1858 551 1910; x_wconf 86' lang='lat' dir='ltr'>senectute</span> <span class='ocrx_word' id='word_1_78' title='bbox 577 1844 737 1910; x_wconf 82' lang='lat' dir='ltr'>transierit</span> <span class='ocrx_word' id='word_1_79' title='bbox 762 1844 824 1922; x_wconf 90' lang='lat' dir='ltr'>ille,</span> <span class='ocrx_word' id='word_1_80' title='bbox 849 1845 882 1908; x_wconf 89' lang='lat' dir='ltr'>in</span> <span class='ocrx_word' id='word_1_81' title='bbox 909 1868 975 1931; x_wconf 93' lang='lat' dir='ltr'>quo</span> <span class='ocrx_word' id='word_1_82' title='bbox 1003 1845 1161 1909; x_wconf 89' lang='lat' dir='ltr'>Latinitas</span> 
     </span>
     <span class='ocr_line' id='line_1_13' title="bbox 210 1945 1161 2033; baseline 0.001 -23"><span class='ocrx_word' id='word_1_83' title='bbox 210 1960 321 2012; x_wconf 86' lang='lat' dir='ltr'>nostra</span> <span class='ocrx_word' id='word_1_84' title='bbox 345 1947 412 2012; x_wconf 92' lang='lat' dir='ltr'>solo</span> <span class='ocrx_word' id='word_1_85' title='bbox 436 1947 567 2023; x_wconf 90' lang='lat' dir='ltr'>invenit,</span> <span class='ocrx_word' id='word_1_86' title='bbox 591 1945 743 2033; x_wconf 90' lang='lat' dir='ltr'>quicquid</span> <span class='ocrx_word' id='word_1_87' title='bbox 770 1946 916 2012; x_wconf 87' lang='lat' dir='ltr'>insolenti</span> <span class='ocrx_word' id='word_1_88' title='bbox 944 1948 1080 2012; x_wconf 73' lang='lat' dir='ltr'>Graeciae</span> <span class='ocrx_word' id='word_1_89' title='bbox 1099 1948 1161 2011; x_wconf 89' lang='lat' dir='ltr'>ele·</span> 
     </span>
     <span class='ocr_line' id='line_1_14' title="bbox 211 2046 1162 2135; baseline 0.001 -24"><span class='ocrx_word' id='word_1_90' title='bbox 211 2060 326 2135; x_wconf 84' lang='lat' dir='ltr'>genter</span> <span class='ocrx_word' id='word_1_91' title='bbox 346 2048 489 2134; x_wconf 91' lang='lat' dir='ltr'>opponit,</span> <span class='ocrx_word' id='word_1_92' title='bbox 509 2060 565 2113; x_wconf 87' lang='lat' dir='ltr'>aut</span> <span class='ocrx_word' id='word_1_93' title='bbox 587 2046 729 2133; x_wconf 84' lang='lat' dir='ltr'>praefert,</span> <span class='ocrx_word' id='word_1_94' title='bbox 748 2049 930 2112; x_wconf 87' lang='lat' dir='ltr'>Ciceronem</span> <span class='ocrx_word' id='word_1_95' title='bbox 953 2048 1077 2134; x_wconf 91' lang='lat' dir='ltr'>loquor,</span> <span class='ocrx_word' id='word_1_96' title='bbox 1094 2050 1162 2112; x_wconf 89' lang='lat' dir='ltr'>Ro·</span> 
     </span>
     <span class='ocr_line' id='line_1_15' title="bbox 212 2147 1161 2234; baseline 0 -22"><span class='ocrx_word' id='word_1_97' title='bbox 212 2149 298 2212; x_wconf 86' lang='lat' dir='ltr'>mani</span> <span class='ocrx_word' id='word_1_98' title='bbox 320 2160 481 2212; x_wconf 91' lang='lat' dir='ltr'>auctorem</span> <span class='ocrx_word' id='word_1_99' title='bbox 504 2148 634 2233; x_wconf 90' lang='lat' dir='ltr'>eloquii,</span> <span class='ocrx_word' id='word_1_100' title='bbox 649 2170 742 2233; x_wconf 91' lang='lat' dir='ltr'>quem</span> <span class='ocrx_word' id='word_1_101' title='bbox 766 2147 807 2211; x_wconf 90' lang='lat' dir='ltr'>ad</span> <span class='ocrx_word' id='word_1_102' title='bbox 830 2171 894 2224; x_wconf 87' lang='lat' dir='ltr'>eos,</span> <span class='ocrx_word' id='word_1_103' title='bbox 909 2149 1000 2234; x_wconf 88' lang='lat' dir='ltr'>quasi</span> <span class='ocrx_word' id='word_1_104' title='bbox 1022 2149 1053 2212; x_wconf 90' lang='lat' dir='ltr'>in</span> <span class='ocrx_word' id='word_1_105' title='bbox 1077 2148 1161 2212; x_wconf 91' lang='lat' dir='ltr'>calce</span> 
     </span>
     <span class='ocr_line' id='line_1_16' title="bbox 211 2249 1162 2337; baseline 0.003 -25"><span class='ocrx_word' id='word_1_106' title='bbox 211 2249 297 2326; x_wconf 81' lang='lat' dir='ltr'>vitae,</span> <span class='ocrx_word' id='word_1_107' title='bbox 317 2250 491 2325; x_wconf 86' lang='lat' dir='ltr'>divertisse,</span> <span class='ocrx_word' id='word_1_108' title='bbox 514 2249 594 2314; x_wconf 89' lang='lat' dir='ltr'>liber</span> <span class='ocrx_word' id='word_1_109' title='bbox 616 2253 667 2314; x_wconf 90' lang='lat' dir='ltr'>De</span> <span class='ocrx_word' id='word_1_110' title='bbox 688 2262 803 2314; x_wconf 87' lang='lat' dir='ltr'>natura</span> <span class='ocrx_word' id='word_1_111' title='bbox 825 2250 956 2314; x_wconf 91' lang='lat' dir='ltr'>deorum</span> <span class='ocrx_word' id='word_1_112' title='bbox 980 2251 1162 2337; x_wconf 90' lang='lat' dir='ltr'>inscriptus,</span> 
     </span>
     <span class='ocr_line' id='line_1_17' title="bbox 211 2349 1161 2436; baseline 0.002 -22"><span class='ocrx_word' id='word_1_113' title='bbox 211 2350 314 2417; x_wconf 87' lang='lat' dir='ltr'>docet.</span> <span class='ocrx_word' id='word_1_114' title='bbox 357 2351 503 2416; x_wconf 88' lang='lat' dir='ltr'>Efferant</span> <span class='ocrx_word' id='word_1_115' title='bbox 528 2349 626 2415; x_wconf 89' lang='lat' dir='ltr'>Stoici</span> <span class='ocrx_word' id='word_1_116' title='bbox 647 2350 857 2436; x_wconf 90' lang='lat' dir='ltr'>inopinabiles</span> <span class='ocrx_word' id='word_1_117' title='bbox 883 2355 1056 2417; x_wconf 88' lang='lat' dir='ltr'>sententias</span> <span class='ocrx_word' id='word_1_118' title='bbox 1076 2375 1161 2430; x_wconf 88' lang='lat' dir='ltr'>suas,</span> 
     </span>
     <span class='ocr_line' id='line_1_18' title="bbox 213 2452 1161 2538; baseline 0 -22"><span class='ocrx_word' id='word_1_119' title='bbox 213 2473 295 2538; x_wconf 88' lang='lat' dir='ltr'>quas</span> <span class='ocrx_word' id='word_1_120' title='bbox 327 2452 506 2538; x_wconf 86' lang='lat' dir='ltr'>paradoxas</span> <span class='ocrx_word' id='word_1_121' title='bbox 537 2464 661 2532; x_wconf 88' lang='lat' dir='ltr'>vocant,</span> <span class='ocrx_word' id='word_1_122' title='bbox 692 2456 779 2516; x_wconf 84' lang='lat' dir='ltr'>veras</span> <span class='ocrx_word' id='word_1_123' title='bbox 812 2452 954 2537; x_wconf 86' lang='lat' dir='ltr'>quidem,</span> <span class='ocrx_word' id='word_1_124' title='bbox 982 2454 1161 2538; x_wconf 85' lang='lat' dir='ltr'>praeclaras,</span> 
     </span>
     <span class='ocr_line' id='line_1_19' title="bbox 213 2551 1164 2639; baseline -0.001 -24"><span class='ocrx_word' id='word_1_125' title='bbox 213 2564 244 2616; x_wconf 92' lang='lat' dir='ltr'>et</span> <span class='ocrx_word' id='word_1_126' title='bbox 276 2553 493 2618; x_wconf 92' lang='lat' dir='ltr'>admirabiles:</span> <span class='ocrx_word' id='word_1_127' title='bbox 535 2575 594 2618; x_wconf 87' lang='lat' dir='ltr'>nos</span> <span class='ocrx_word' id='word_1_128' title='bbox 621 2551 735 2639; x_wconf 85' lang='lat' dir='ltr'>pingui</span> <span class='ocrx_word' id='word_1_129' title='bbox 771 2553 818 2630; x_wconf 78' lang='lat' dir='ltr'>(ut</span> <span class='ocrx_word' id='word_1_130' title='bbox 849 2552 983 2633; x_wconf 86' lang='lat' dir='ltr'>dicitur)</span> <span class='ocrx_word' id='word_1_131' title='bbox 1016 2551 1164 2615; x_wconf 86' lang='lat' dir='ltr'>Minerva</span> 
     </span>
     <span class='ocr_line' id='line_1_20' title="bbox 213 2652 1165 2742; baseline -0.001 -23"><span class='ocrx_word' id='word_1_132' title='bbox 213 2668 355 2742; x_wconf 79' lang='lat' dir='ltr'>agentes,</span> <span class='ocrx_word' id='word_1_133' title='bbox 369 2657 449 2721; x_wconf 92' lang='lat' dir='ltr'>nibil</span> <span class='ocrx_word' id='word_1_134' title='bbox 468 2678 576 2721; x_wconf 89' lang='lat' dir='ltr'>eorum</span> <span class='ocrx_word' id='word_1_135' title='bbox 599 2655 823 2742; x_wconf 81' lang='lat' dir='ltr'>approbamus,</span> <span class='ocrx_word' id='word_1_136' title='bbox 839 2677 913 2739; x_wconf 87' lang='lat' dir='ltr'>quae</span> <span class='ocrx_word' id='word_1_137' title='bbox 935 2652 1093 2728; x_wconf 86' lang='lat' dir='ltr'>omnibus,</span> <span class='ocrx_word' id='word_1_138' title='bbox 1109 2667 1165 2718; x_wconf 92' lang='lat' dir='ltr'>aut</span> 
     </span>
     <span class='ocr_line' id='line_1_21' title="bbox 212 2754 1165 2843; baseline -0.004 -21"><span class='ocrx_word' id='word_1_139' title='bbox 212 2757 369 2843; x_wconf 87' lang='lat' dir='ltr'>pluribus,</span> <span class='ocrx_word' id='word_1_140' title='bbox 396 2771 452 2824; x_wconf 89' lang='lat' dir='ltr'>aut</span> <span class='ocrx_word' id='word_1_141' title='bbox 484 2758 680 2843; x_wconf 87' lang='lat' dir='ltr'>sapientibus</span> <span class='ocrx_word' id='word_1_142' title='bbox 710 2755 842 2841; x_wconf 86' lang='lat' dir='ltr'>singulis</span> <span class='ocrx_word' id='word_1_143' title='bbox 866 2758 898 2818; x_wconf 92' lang='lat' dir='ltr'>in</span> <span class='ocrx_word' id='word_1_144' title='bbox 924 2754 1078 2818; x_wconf 82' lang='lat' dir='ltr'>facultate</span> <span class='ocrx_word' id='word_1_145' title='bbox 1107 2777 1165 2818; x_wconf 89' lang='lat' dir='ltr'>sua</span> 
     </span>
     <span class='ocr_line' id='line_1_22' title="bbox 210 2856 1165 2946; baseline -0.003 -22"><span class='ocrx_word' id='word_1_146' title='bbox 210 2861 481 2946; x_wconf 88' lang='lat' dir='ltr'>probabilioribus</span> <span class='ocrx_word' id='word_1_147' title='bbox 506 2859 586 2923; x_wconf 87' lang='lat' dir='ltr'>falsa</span> <span class='ocrx_word' id='word_1_148' title='bbox 612 2881 679 2924; x_wconf 88' lang='lat' dir='ltr'>esse</span> <span class='ocrx_word' id='word_1_149' title='bbox 702 2859 863 2922; x_wconf 88' lang='lat' dir='ltr'>videntur.</span> <span class='ocrx_word' id='word_1_150' title='bbox 908 2858 976 2921; x_wconf 91' lang='lat' dir='ltr'>Nec</span> <span class='ocrx_word' id='word_1_151' title='bbox 1001 2856 1026 2920; x_wconf 92' lang='lat' dir='ltr'>si</span> <span class='ocrx_word' id='word_1_152' title='bbox 1053 2856 1165 2922; x_wconf 84' lang='lat' dir='ltr'>Cicero</span> 
     </span>
     <span class='ocr_line' id='line_1_23' title="bbox 207 2956 1163 3048; baseline -0.004 -22"><span class='ocrx_word' id='word_1_153' title='bbox 207 2963 288 3048; x_wconf 88' lang='lat' dir='ltr'>ipse,</span> <span class='ocrx_word' id='word_1_154' title='bbox 315 2976 371 3026; x_wconf 89' lang='lat' dir='ltr'>aut</span> <span class='ocrx_word' id='word_1_155' title='bbox 400 2962 601 3037; x_wconf 89' lang='lat' dir='ltr'>Aristoteles,</span> <span class='ocrx_word' id='word_1_156' title='bbox 627 2959 824 3046; x_wconf 88' lang='lat' dir='ltr'>impossibile</span> <span class='ocrx_word' id='word_1_157' title='bbox 850 2982 889 3023; x_wconf 85' lang='lat' dir='ltr'>ex</span> <span class='ocrx_word' id='word_1_158' title='bbox 920 2956 1064 3044; x_wconf 91' lang='lat' dir='ltr'>possibili</span> <span class='ocrx_word' id='word_1_159' title='bbox 1090 2981 1163 3044; x_wconf 89' lang='lat' dir='ltr'>pro-</span> 
     </span>
     <span class='ocr_line' id='line_1_24' title="bbox 207 3059 1164 3147; baseline -0.005 -19"><span class='ocrx_word' id='word_1_160' title='bbox 207 3063 342 3142; x_wconf 90' lang='lat' dir='ltr'>ducant,</span> <span class='ocrx_word' id='word_1_161' title='bbox 356 3061 618 3146; x_wconf 85' lang='lat' dir='ltr'>acquiescendum</span> <span class='ocrx_word' id='word_1_162' title='bbox 638 3084 760 3138; x_wconf 88' lang='lat' dir='ltr'>censeo,</span> <span class='ocrx_word' id='word_1_163' title='bbox 777 3084 826 3124; x_wconf 89' lang='lat' dir='ltr'>me</span> <span class='ocrx_word' id='word_1_164' title='bbox 849 3062 967 3147; x_wconf 89' lang='lat' dir='ltr'>potius,</span> <span class='ocrx_word' id='word_1_165' title='bbox 983 3059 1092 3145; x_wconf 87' lang='lat' dir='ltr'>aliqua</span> <span class='ocrx_word' id='word_1_166' title='bbox 1105 3060 1164 3123; x_wconf 84' lang='lat' dir='ltr'>fal-</span> 
     </span>
     <span class='ocr_line' id='line_1_25' title="bbox 209 3161 1164 3248; baseline -0.003 -20"><span class='ocrx_word' id='word_1_167' title='bbox 209 3165 301 3230; x_wconf 82' lang='lat' dir='ltr'>laciae</span> <span class='ocrx_word' id='word_1_168' title='bbox 325 3161 411 3226; x_wconf 86' lang='lat' dir='ltr'>nube</span> <span class='ocrx_word' id='word_1_169' title='bbox 436 3161 616 3247; x_wconf 89' lang='lat' dir='ltr'>deceptum,</span> <span class='ocrx_word' id='word_1_170' title='bbox 641 3161 860 3225; x_wconf 86' lang='lat' dir='ltr'>verosimiliter</span> <span class='ocrx_word' id='word_1_171' title='bbox 883 3161 1046 3248; x_wconf 90' lang='lat' dir='ltr'>opinabor.</span> <span class='ocrx_word' id='word_1_172' title='bbox 1092 3165 1164 3225; x_wconf 93' lang='lat' dir='ltr'>Hac</span> 
     </span>
     <span class='ocr_line' id='line_1_26' title="bbox 210 3249 1165 3349; baseline -0.003 -20"><span class='ocrx_word' id='word_1_173' title='bbox 210 3287 289 3349; x_wconf 82' lang='lat' dir='ltr'>ergo</span> <span class='ocrx_word' id='word_1_174' title='bbox 312 3264 364 3326; x_wconf 92' lang='lat' dir='ltr'>via</span> <span class='ocrx_word' id='word_1_175' title='bbox 386 3261 563 3326; x_wconf 89' lang='lat' dir='ltr'>tendiculas</span> <span class='ocrx_word' id='word_1_176' title='bbox 588 3273 660 3328; x_wconf 86' lang='lat' dir='ltr'>tuas</span> <span class='ocrx_word' id='word_1_177' title='bbox 688 3249 846 3347; x_wconf 83' lang='lat' dir='ltr'>egredior,</span> <span class='ocrx_word' id='word_1_178' title='bbox 870 3274 906 3326; x_wconf 91' lang='lat' dir='ltr'>ut</span> <span class='ocrx_word' id='word_1_179' title='bbox 932 3261 1034 3325; x_wconf 89' lang='lat' dir='ltr'>dicam</span> <span class='ocrx_word' id='word_1_180' title='bbox 1061 3263 1165 3347; x_wconf 82' lang='lat' dir='ltr'>provi-</span> 
     </span>
     <span class='ocr_line' id='line_1_27' title="bbox 210 3364 1161 3450; baseline 0 -20"><span class='ocrx_word' id='word_1_181' title='bbox 210 3366 351 3431; x_wconf 89' lang='lat' dir='ltr'>dentiam</span> <span class='ocrx_word' id='word_1_182' title='bbox 367 3364 435 3428; x_wconf 83' lang='lat' dir='ltr'>falli</span> <span class='ocrx_word' id='word_1_183' title='bbox 457 3386 520 3427; x_wconf 92' lang='lat' dir='ltr'>non</span> <span class='ocrx_word' id='word_1_184' title='bbox 537 3386 639 3449; x_wconf 87' lang='lat' dir='ltr'>posse,</span> <span class='ocrx_word' id='word_1_185' title='bbox 656 3386 722 3428; x_wconf 91' lang='lat' dir='ltr'>rem</span> <span class='ocrx_word' id='word_1_186' title='bbox 744 3375 851 3428; x_wconf 88' lang='lat' dir='ltr'>tamen</span> <span class='ocrx_word' id='word_1_187' title='bbox 867 3386 941 3450; x_wconf 85' lang='lat' dir='ltr'>quae</span> <span class='ocrx_word' id='word_1_188' title='bbox 959 3366 1086 3449; x_wconf 84' lang='lat' dir='ltr'>provisa</span> <span class='ocrx_word' id='word_1_189' title='bbox 1104 3379 1161 3441; x_wconf 85' lang='lat' dir='ltr'>est,</span> 
     </span>
     <span class='ocr_line' id='line_1_28' title="bbox 210 3465 1164 3555; baseline -0.001 -22"><span class='ocrx_word' id='word_1_190' title='bbox 210 3490 305 3555; x_wconf 86' lang='lat' dir='ltr'>posse</span> <span class='ocrx_word' id='word_1_191' title='bbox 318 3490 382 3531; x_wconf 92' lang='lat' dir='ltr'>non</span> <span class='ocrx_word' id='word_1_192' title='bbox 397 3466 532 3530; x_wconf 84' lang='lat' dir='ltr'>evenire.</span> <span class='ocrx_word' id='word_1_193' title='bbox 563 3467 626 3533; x_wconf 86' lang='lat' dir='ltr'>Sed</span> <span class='ocrx_word' id='word_1_194' title='bbox 642 3465 721 3553; x_wconf 93' lang='lat' dir='ltr'>quid</span> <span class='ocrx_word' id='word_1_195' title='bbox 736 3465 853 3530; x_wconf 83' lang='lat' dir='ltr'>inferre</span> <span class='ocrx_word' id='word_1_196' title='bbox 866 3465 1074 3545; x_wconf 88' lang='lat' dir='ltr'>consueveris,</span> <span class='ocrx_word' id='word_1_197' title='bbox 1090 3467 1164 3533; x_wconf 90' lang='lat' dir='ltr'>scio.</span> 
     </span>
     <span class='ocr_line' id='line_1_29' title="bbox 212 3569 1165 3656; baseline 0 -21"><span class='ocrx_word' id='word_1_198' title='bbox 212 3573 303 3655; x_wconf 81' lang='lat' dir='ltr'>Ergo</span> <span class='ocrx_word' id='word_1_199' title='bbox 328 3569 476 3656; x_wconf 89' lang='lat' dir='ltr'>possibile</span> <span class='ocrx_word' id='word_1_200' title='bbox 501 3581 560 3647; x_wconf 91' lang='lat' dir='ltr'>est,</span> <span class='ocrx_word' id='word_1_201' title='bbox 587 3593 656 3634; x_wconf 87' lang='lat' dir='ltr'>earn</span> <span class='ocrx_word' id='word_1_202' title='bbox 682 3593 745 3633; x_wconf 90' lang='lat' dir='ltr'>non</span> <span class='ocrx_word' id='word_1_203' title='bbox 771 3592 838 3633; x_wconf 89' lang='lat' dir='ltr'>esse</span> <span class='ocrx_word' id='word_1_204' title='bbox 864 3570 1040 3655; x_wconf 83' lang='lat' dir='ltr'>praevisam.</span> <span class='ocrx_word' id='word_1_205' title='bbox 1083 3575 1165 3637; x_wconf 91' lang='lat' dir='ltr'>Esto</span> 
     </span>
     <span class='ocr_line' id='line_1_30' title="bbox 210 3670 1166 3758; baseline 0.002 -22"><span class='ocrx_word' id='word_1_206' title='bbox 210 3670 354 3758; x_wconf 89' lang='lat' dir='ltr'>inquam.</span> <span class='ocrx_word' id='word_1_207' title='bbox 385 3674 459 3749; x_wconf 83' lang='lat' dir='ltr'>Quo</span> <span class='ocrx_word' id='word_1_208' title='bbox 474 3670 559 3736; x_wconf 88' lang='lat' dir='ltr'>ultra</span> <span class='ocrx_word' id='word_1_209' title='bbox 574 3671 810 3757; x_wconf 87' lang='lat' dir='ltr'>progredieris?</span> <span class='ocrx_word' id='word_1_210' title='bbox 838 3674 928 3756; x_wconf 88' lang='lat' dir='ltr'>Ergo</span> <span class='ocrx_word' id='word_1_211' title='bbox 942 3670 1049 3758; x_wconf 91' lang='lat' dir='ltr'>inquis</span> <span class='ocrx_word' id='word_1_212' title='bbox 1068 3674 1166 3738; x_wconf 85' lang='lat' dir='ltr'>recla-</span> 
     </span>
     <span class='ocr_line' id='line_1_31' title="bbox 211 3773 1166 3861; baseline 0.002 -23"><span class='ocrx_word' id='word_1_213' title='bbox 211 3787 318 3838; x_wconf 86' lang='lat' dir='ltr'>mante</span> <span class='ocrx_word' id='word_1_214' title='bbox 335 3773 550 3859; x_wconf 89' lang='lat' dir='ltr'>Philosophia,</span> <span class='ocrx_word' id='word_1_215' title='bbox 567 3787 599 3838; x_wconf 89' lang='lat' dir='ltr'>et</span> <span class='ocrx_word' id='word_1_216' title='bbox 614 3773 703 3861; x_wconf 93' lang='lat' dir='ltr'>quod</span> <span class='ocrx_word' id='word_1_217' title='bbox 717 3788 764 3838; x_wconf 89' lang='lat' dir='ltr'>est</span> <span class='ocrx_word' id='word_1_218' title='bbox 781 3796 936 3850; x_wconf 78' lang='lat' dir='ltr'>nonense,</span> <span class='ocrx_word' id='word_1_219' title='bbox 952 3791 984 3839; x_wconf 91' lang='lat' dir='ltr'>et</span> <span class='ocrx_word' id='word_1_220' title='bbox 999 3775 1086 3861; x_wconf 92' lang='lat' dir='ltr'>quod</span> <span class='ocrx_word' id='word_1_221' title='bbox 1102 3776 1166 3841; x_wconf 83' lang='lat' dir='ltr'>fuit</span> 
     </span>
     <span class='ocr_line' id='line_1_32' title="bbox 211 3875 1168 3962; baseline 0.003 -22"><span class='ocrx_word' id='word_1_222' title='bbox 211 3875 361 3962; x_wconf 91' lang='lat' dir='ltr'>possibile</span> <span class='ocrx_word' id='word_1_223' title='bbox 388 3889 521 3940; x_wconf 86' lang='lat' dir='ltr'>estnon</span> <span class='ocrx_word' id='word_1_224' title='bbox 547 3876 657 3952; x_wconf 86' lang='lat' dir='ltr'>fuisse,</span> <span class='ocrx_word' id='word_1_225' title='bbox 682 3889 714 3941; x_wconf 89' lang='lat' dir='ltr'>et</span> <span class='ocrx_word' id='word_1_226' title='bbox 740 3899 814 3962; x_wconf 87' lang='lat' dir='ltr'>quae</span> <span class='ocrx_word' id='word_1_227' title='bbox 840 3877 908 3962; x_wconf 91' lang='lat' dir='ltr'>jam</span> <span class='ocrx_word' id='word_1_228' title='bbox 934 3878 1168 3962; x_wconf 83' lang='lat' dir='ltr'>praeterierunt,</span> 
     </span>
     <span class='ocr_line' id='line_1_33' title="bbox 210 3979 1164 4063; baseline 0.003 -24"><span class='ocrx_word' id='word_1_229' title='bbox 210 3979 350 4041; x_wconf 87' lang='lat' dir='ltr'>revocari</span> <span class='ocrx_word' id='word_1_230' title='bbox 377 3991 507 4063; x_wconf 90' lang='lat' dir='ltr'>possunt</span> <span class='ocrx_word' id='word_1_231' title='bbox 533 4000 572 4040; x_wconf 85' lang='lat' dir='ltr'>ne</span> <span class='ocrx_word' id='word_1_232' title='bbox 598 3980 729 4043; x_wconf 82' lang='lat' dir='ltr'>fuerint.</span> <span class='ocrx_word' id='word_1_233' title='bbox 775 3982 819 4043; x_wconf 90' lang='lat' dir='ltr'>Et</span> <span class='ocrx_word' id='word_1_234' title='bbox 849 3979 980 4061; x_wconf 88' lang='lat' dir='ltr'>quidem</span> <span class='ocrx_word' id='word_1_235' title='bbox 1008 3980 1164 4043; x_wconf 88' lang='lat' dir='ltr'>infinitam</span> 
     </span>
     <span class='ocr_line' id='line_1_34' title="bbox 211 4079 1169 4164; baseline -0.002 -20"><span class='ocrx_word' id='word_1_236' title='bbox 211 4081 388 4164; x_wconf 88' lang='lat' dir='ltr'>potentiam</span> <span class='ocrx_word' id='word_1_237' title='bbox 404 4079 478 4156; x_wconf 87' lang='lat' dir='ltr'>Dei,</span> <span class='ocrx_word' id='word_1_238' title='bbox 495 4080 666 4145; x_wconf 76' lang='lat' dir='ltr'>scientiolae</span> <span class='ocrx_word' id='word_1_239' title='bbox 686 4095 717 4146; x_wconf 90' lang='lat' dir='ltr'>et</span> <span class='ocrx_word' id='word_1_240' title='bbox 738 4082 928 4147; x_wconf 76' lang='lat' dir='ltr'>ratiuncula</span> <span class='ocrx_word' id='word_1_241' title='bbox 944 4105 1021 4145; x_wconf 89' lang='lat' dir='ltr'>meae</span> <span class='ocrx_word' id='word_1_242' title='bbox 1043 4081 1169 4163; x_wconf 83' lang='lat' dir='ltr'>legibus</span> 
     </span>
     <span class='ocr_line' id='line_1_35' title="bbox 211 4182 1169 4269; baseline -0.004 -24"><span class='ocrx_word' id='word_1_243' title='bbox 211 4204 273 4245; x_wconf 91' lang='lat' dir='ltr'>non</span> <span class='ocrx_word' id='word_1_244' title='bbox 290 4193 429 4256; x_wconf 88' lang='lat' dir='ltr'>coarcto;</span> <span class='ocrx_word' id='word_1_245' title='bbox 461 4204 519 4244; x_wconf 90' lang='lat' dir='ltr'>nec</span> <span class='ocrx_word' id='word_1_246' title='bbox 540 4184 568 4245; x_wconf 90' lang='lat' dir='ltr'>ei</span> <span class='ocrx_word' id='word_1_247' title='bbox 591 4183 698 4259; x_wconf 83' lang='lat' dir='ltr'>linem,</span> <span class='ocrx_word' id='word_1_248' title='bbox 723 4207 797 4269; x_wconf 88' lang='lat' dir='ltr'>quae</span> <span class='ocrx_word' id='word_1_249' title='bbox 821 4206 882 4246; x_wconf 89' lang='lat' dir='ltr'>non</span> <span class='ocrx_word' id='word_1_250' title='bbox 906 4184 1013 4257; x_wconf 87' lang='lat' dir='ltr'>babet,</span> <span class='ocrx_word' id='word_1_251' title='bbox 1030 4182 1169 4266; x_wconf 90' lang='lat' dir='ltr'>impono,</span> 
     </span>
    </p>
   </div>
   <div class='ocr_carea' id='block_1_3' title="bbox 213 4282 1173 4447">
    <p class='ocr_par' dir='ltr' id='par_1_3' title="bbox 213 4282 1173 4447">
     <span class='ocr_line' id='line_1_36' title="bbox 213 4282 1173 4368; baseline 0.001 -21"><span class='ocrx_word' id='word_1_252' title='bbox 213 4282 287 4347; x_wconf 88' lang='lat' dir='ltr'>Scio</span> <span class='ocrx_word' id='word_1_253' title='bbox 302 4284 385 4347; x_wconf 90' lang='lat' dir='ltr'>enim</span> <span class='ocrx_word' id='word_1_254' title='bbox 402 4282 479 4368; x_wconf 92' lang='lat' dir='ltr'>quia</span> <span class='ocrx_word' id='word_1_255' title='bbox 499 4283 604 4348; x_wconf 90' lang='lat' dir='ltr'>omnia</span> <span class='ocrx_word' id='word_1_256' title='bbox 619 4295 745 4368; x_wconf 89' lang='lat' dir='ltr'>potest;</span> <span class='ocrx_word' id='word_1_257' title='bbox 777 4284 833 4348; x_wconf 89' lang='lat' dir='ltr'>sed</span> <span class='ocrx_word' id='word_1_258' title='bbox 857 4298 962 4347; x_wconf 87' lang='lat' dir='ltr'>tamen</span> <span class='ocrx_word' id='word_1_259' title='bbox 986 4283 1064 4365; x_wconf 85' lang='lat' dir='ltr'>quia</span> <span class='ocrx_word' id='word_1_260' title='bbox 1087 4308 1173 4348; x_wconf 87' lang='lat' dir='ltr'>men-</span> 
     </span>
     <span class='ocr_line' id='line_1_37' title="bbox 672 4392 720 4447; baseline -0.021 0"><span class='ocrx_word' id='word_1_261' title='bbox 672 4404 684 4447; x_wconf 94' lang='lat'>1</span> <span class='ocrx_word' id='word_1_262' title='bbox 700 4392 720 4446; x_wconf 78' lang='lat'>2</span> 
     </span>
    </p>
   </div>
   <div class='ocr_carea' id='block_1_4' title="bbox 0 0 1666 5309">
    <p class='ocr_par' dir='ltr' id='par_1_4' title="bbox 0 0 1666 5309">
     <span class='ocr_line' id='line_1_38' title="bbox 0 0 1666 5309; baseline 0 0"><span class='ocrx_word' id='word_1_263' title='bbox 0 0 1666 5309; x_wconf 95' lang='lat' dir='ltr'> </span> 
     </span>
    </p>
   </div>
  </div>
 </body>
</html>
