3309 5309
373 685 449 730 cae.
466 670 527 748 ιι]
725 687 979 732 Ροιωοιιιτιουε.
1278 683 1340 740 227

371 836 450 921 getii
471 836 532 900 sub
553 837 656 900 earnis
675 836 862 901 infirmitate
878 838 1050 919 vilesceret,
1065 863 1084 902 a
1108 842 1257 906 scandalo
1277 846 1336 909 Ju-
1372 860 1376 865 '

373 939 529 1016 deorum,
555 940 762 1025 gentiumque
784 939 932 1017 stultitia,
953 963 1049 1026 opera
1074 943 1232 1020 crucifixi,
1261 968 1333 1029 qnae

370 1038 468 1105 etiam
481 1039 575 1102 famae
587 1039 768 1102 testimonio
779 1040 1026 1119 roborabantur,
1038 1043 1204 1127 exposuit;
1230 1068 1331 1128 quum

371 1138 460 1226 apud
475 1162 585 1204 omnes
599 1153 769 1216 constaret,
785 1140 872 1224 quod
889 1163 1002 1204 canon
1018 1159 1124 1227 posset
1139 1145 1253 1224 lacere,
1269 1147 1329 1210 nisi

374 1243 478 1307 Deus.
525 1242 588 1304 Sed
610 1240 685 1326 quia
705 1240 807 1304 multa
828 1242 861 1303 in
884 1255 1054 1326 utramque
1075 1258 1197 1328 partem
1220 1247 1331 1310 crebro

368 1338 457 1405 fama
477 1341 640 1416 mentitur,
657 1341 757 1426 ipsam
776 1342 912 1427 juvabat
929 1342 1057 1418 famam,
1074 1345 1162 1429 quod
1179 1347 1325 1432 discipuli

370 1443 446 1527 qus
467 1442 588 1526 majora
609 1441 779 1520 faciebant,
800 1441 879 1504 dum
902 1442 941 1504 ad
968 1442 1110 1506 umbram
1134 1445 1295 1533 discipuli,
1311 1471 1331 1511 a

372 1564 568 1629 quacunque
583 1543 767 1607 infirmitate
784 1542 977 1607 sanabantur
992 1545 1114 1628 aegroti.
1146 1548 1231 1621 Quid
1250 1552 1330 1614 mul·

351 1644 434 1710 ts?
472 1643 616 1709 Astutias
638 1643 827 1722 Aristotelis,
853 1644 1027 1730 Chrysippi
1050 1650 1208 1725 acumina,
1230 1651 1329 1712 omni-

375 1764 498 1830 umque
520 1744 786 1828 Philosophorum
809 1743 987 1808 tendiculas
1003 1767 1171 1831 resurgens
1186 1761 1332 1812 mortuus

375 1847 578 1911 confutabat.
621 1848 737 1909 Decios
759 1845 857 1909 duces
881 1845 1110 1926 Romanorum,
1130 1871 1164 1912 se
1184 1870 1244 1933 pro
1267 1849 1332 1913 suis

376 1947 572 2015 exercitibus
586 1946 750 2010 devovisse
769 1944 951 2030 percelebre
971 1959 1029 2010 est.
1076 1948 1187 2011 Julius
1202 1972 1332 2034 quoque

377 2049 501 2125 Caesar,
513 2051 602 2128 Dux,
614 2046 732 2132 inquit,
744 2045 801 2131 qui
813 2066 876 2108 non
890 2044 1012 2110 laborat
1025 2059 1060 2110 ut
1073 2047 1228 2112 militibus
1240 2072 1332 2114 carus

328 2158 340 2213 ,’··
375 2149 431 2225 tit,
447 2148 580 2214 militem
594 2149 692 2212 nescit
708 2169 823 2211 amare.
866 2147 974 2211 Nescit
991 2147 1222 2212 humanitatem
1239 2150 1330 2214 ducis

328 2265 340 2309 '.
373 2249 413 2317 in
436 2250 579 2315 exercitu
603 2250 757 2314 adversus
784 2248 890 2312 hostes
917 2271 992 2312 esse.
1048 2250 1138 2314 Idem
1169 2273 1330 2337 nunquam

328 2366 344 2445 ·‘'·.‘
379 2349 462 2419 dixit
482 2351 636 2418 militibus
652 2353 703 2415 Ite
728 2352 807 2429 huc;
839 2350 894 2414 sed
909 2355 1031 2415 Venite.
1078 2352 1214 2418 Dicebat
1236 2354 1331 2430 enim,

328 2410 344 2527 l:
335 2450 459 2547 quia
479 2453 690 2540 participatus
711 2475 782 2517 cum
806 2452 888 2515 duce
911 2451 1011 2527 labor,
1029 2452 1156 2517 videtur
1179 2455 1333 2520 militibus

328 2556 495 2643 emmor.
538 2561 697 2622 Praeterea
716 2556 873 2670 voluptas·
885 2555 1037 2638 corporis,
1057 2553 1167 2617 eodem
1192 2569 1332 2633 auctore,

328 2658 512 2725 vitanda
526 2673 585 2722 est.
630 2659 743 2723 Aiebat
766 2657 848 2719 enim
864 2656 897 2718 in
913 2653 996 2717 bello
1016 2676 1148 2737 corpora
1169 2654 1330 2719 hominum

329 2746 543 2860 ¹¹,·*‚·,gladiis,
534 2781 567 2823 m
604 2782 681 2846 pace
711 2757 934 2841 voluptatibus
963 2755 1131 2821 vulnerari.
1188 2757 1333 2820 Senserat

331 2861 463 2948 αιί,ω
486 2862 632 2946 gentium
656 2858 882 2972 triumphator,
906 2857 1103 2942 voluptatem
1127 2856 1216 2919 nullo
1238 2856 1333 2920 modo

329 3012 372 3063 u,
344 2966 445 3041 βω
465 2962 558 3027 facile
582 2959 735 3045 superari,
751 2981 849 3043 quam
872 2959 961 3042 fuga,
976 2982 1013 3021 eo
1037 2957 1153 3044 quod
1146 2981 1260 3042 ipsum,
1276 2958 1334 3043 qui

335 3056 491 3189 ,ἔμω
514 3063 692 3135 domuerat,
715 3058 846 3121 Veneris
874 3060 1010 3123 nexibus
1032 3059 1196 3123 innodavit
1221 3058 1335 3121 mulier
1422 3104 1424 3110 ,

335 3124 552 3255 bpndlca

348 3328 459 3506 bap.
476 3425 505 3482 4.
532 3418 623 3492 Quod
637 3417 753 3479 dioirrae
770 3418 849 3496 legia
864 3419 1054 3478 auctoritate
1068 3422 1193 3478 constat
1214 3419 1334 3498 princi-

385 3536 388 3541 ·
563 3540 638 3601 pem
652 3520 716 3600 legi
723 3519 869 3598 jactitare
883 3538 948 3581 esse
962 3518 1149 3596 subjectum.

425 3681 497 3745 Su>
511 3676 645 3765 quidad
658 3677 855 3741 emendicata
869 3677 1012 3761 gentium
1029 3675 1174 3760 exempla
1189 3674 1334 3755 decurro,

380 3803 456 3868 quoe
468 3779 725 3866 tamenplurima
736 3790 822 3859 sunt,
833 3800 934 3864 quum
951 3777 1067 3840 rectius
1083 3777 1219 3862 quisque
1234 3777 1333 3861 possit

382 3882 426 3952 td
443 3881 588 3947 facienda
608 3881 743 3965 legibus,
764 3902 862 3964 quarn
885 3879 1037 3964 exemplis
1060 3880 1191 3964 urgeri?
1229 3883 1272 3944 At
1296 3903 1335 3942 ne

382 3983 489 4071 ipsum
512 3982 692 4068 Principem
715 4003 947 4069 usquequaque
970 3980 1108 4045 solutum
1124 3980 1248 4065 lcgibus
1269 3982 1337 4064 opi-

381 4085 479 4162 neris,
509 4083 586 4151 audi
614 4106 711 4170 quam
739 4083 841 4168 legem
871 4083 1013 4169 imponat
1046 4081 1249 4164 Principibus
1279 4103 1335 4142 rex

383 4206 520 4271 magnus
536 4209 631 4272 super
653 4208 777 4249 omnem
798 4199 915 4250 terram
937 4183 1097 4260 terribilis,
1112 4195 1143 4244 et
1159 4182 1217 4264 qui
1232 4180 1336 4242 aufert

384 4287 535 4374 spiritum
552 4286 756 4374 Principum:
794 4288 915 4361 Quum,
931 4286 1046 4367 inquit,
1062 4283 1221 4364 ingressus
1237 4280 1336 4343 fueris

835 4406 856 4449 Q
870 4392 890 4445 ‘2
