3309 5309
345 658 388 718 28
606 665 743 710 scaurus
759 661 1037 708 sanusssruuusrs
1179 639 1261 718 [arn.
1278 657 1304 703 1.

346 845 390 887 ex
420 822 532 905 inopia
558 819 737 896 reticentur,
763 817 825 880 nisi
854 838 897 880 ex
924 835 963 877 ca
988 815 1070 876 sorte
1095 833 1190 896 quam
1217 811 1303 894 parit

347 923 453 1007 copie,
475 919 594 984 sedne
618 931 739 982 mentes
761 918 939 998 lugentium
959 915 1066 978 adhuc
1089 913 1304 978 immoderato

349 1023 459 1087 dolore
488 1021 657 1098 sauciatas,
688 1019 864 1083 recentium
894 1015 1095 1079 refricatione
1126 1015 1305 1087 vulnerum,

348 1123 472 1206 gravius
484 1124 674 1187 ulceremus.
712 1119 899 1183 Domestica
910 1138 1049 1201 namque
1062 1125 1137 1179 sunt
1151 1116 1304 1198 exempla

349 1223 620 1308 quamplurimis.
667 1220 707 1285 In
724 1232 844 1285 tantam
864 1240 937 1311 vero
960 1217 1089 1301 quidam
1105 1218 1201 1302 hujus
1215 1217 1305 1279 rani-

348 1327 423 1390 tatis
448 1325 600 1388 instinctu
627 1345 760 1406 erupere
786 1321 959 1398 vesaniam,
983 1333 1018 1383 ut
1045 1321 1152 1382 hostes
1181 1330 1302 1380 naturae

353 1428 476 1503 fiarent,
507 1425 701 1489 conditionis
731 1445 797 1487 suae
828 1423 1038 1498 immemores,
1063 1420 1162 1483 divini
1185 1418 1304 1502 judicii

350 1537 598 1611 contemptores,
621 1526 699 1590 dum
720 1524 949 1589 invindictam
970 1525 1116 1600 serarum,
1130 1522 1304 1604 imaginem

349 1629 413 1694 Dei
442 1627 609 1713 exquisitis
638 1628 806 1712 suppliciis
837 1625 1053 1710 subjugarent.
1113 1625 1184 1686 Nec
1215 1623 1307 1684 veriti

352 1738 427 1792 sunt
441 1729 604 1792 hominem
619 1749 678 1812 pro
693 1727 831 1792 bestiola
844 1723 987 1809 perdere,
1002 1745 1097 1808 quem
1122 1722 1308 1805 unigenitus

352 1829 486 1894 redemit
506 1829 663 1910 sanguine
678 1848 746 1892 suo.
792 1827 873 1899 Quae
889 1826 962 1889 ferae
977 1836 1097 1888 nature
1112 1835 1196 1899 sunt,
1211 1832 1244 1886 et
1266 1821 1307 1886 de

347 1929 420 2014 jure
435 1929 665 2012 occupantium
684 1927 777 2006 fiunt,
792 1927 855 1990 sibi
876 1924 974 1990 audet
992 1926 1132 1989 humana
1146 1925 1309 1988 temeritas

354 2028 545 2111 inspiciente
568 2026 711 2090 Domino
726 2025 910 2100 vendicare,
924 2039 957 2089 et
978 2026 1064 2090 idem
1081 2025 1164 2108 juris
1183 2026 1216 2088 in
1239 2043 1308 2086 om·

354 2129 450 2194 nibus
476 2128 662 2210 ubicunque
688 2127 751 2190 sint
775 2127 894 2205 statuit,
917 2147 953 2190 ac
981 2128 1008 2191 si
1035 2128 1163 2191 claustri
1186 2127 1237 2190 sui
1259 2127 1308 2189 in-

356 2228 471 2310 dagine
494 2227 641 2290 universa
666 2227 832 2290 cinxisset.
878 2227 1039 2312 Quodque
1063 2229 1164 2310 magis
1185 2227 1311 2304 mirere,

356 2329 491 2413 pedicas
505 2349 616 2410 parare
633 2329 757 2404 avibus,
772 2330 906 2412 laqueos
921 2339 1040 2406 texere,
1051 2330 1179 2393 allicere
1193 2327 1311 2402 modis,

359 2430 410 2494 vel
430 2428 547 2503 fistula,
563 2449 601 2492 ac
625 2429 872 2512 quibuscunque
893 2429 1019 2494 insidiis
1041 2432 1256 2514 supplantare,
1271 2450 1314 2492 ex

358 2530 466 2597 edicto
478 2550 564 2612 saepe
577 2530 615 2592 fit
630 2530 782 2609 criminis,
794 2541 827 2594 et
843 2533 891 2595 vel
906 2531 1141 2624 proscriptione
1154 2534 1311 2594 bonorum

358 2635 539 2712 mulctatur,
555 2633 605 2697 vel
621 2634 834 2697 membrorum
850 2634 980 2717 punitur
994 2635 1169 2716 salutisque
1184 2633 1313 2716 dispen-

359 2735 423 2800 dio.
468 2735 624 2799 Volucres
646 2735 721 2800 coeli
743 2747 776 2800 et
793 2737 902 2820 pisces
923 2739 1019 2799 maris
1042 2756 1227 2800 communes
1241 2756 1314 2798 esse

360 2836 517 2912 audieras,
539 2834 597 2898 sed
627 2836 696 2899 haec
728 2837 799 2900 fisci
821 2846 906 2915 sunt,
933 2859 1013 2922 quas
1036 2838 1184 2901 venatica
1208 2837 1311 2918 exigit

360 2938 547 3019 ubicunque
563 2937 683 3002 rolant.
728 2939 863 3001 Manum
879 2940 1018 3019 contine,
1032 2940 1161 3003 istarum
1178 2940 1316 3015 abstine,

361 3060 403 3103 ne
418 3048 451 3102 et
464 3047 500 3100 tu
515 3036 551 3099 in
562 3057 691 3120 poenam
706 3039 792 3102 laesae
807 3039 998 3123 majestatis,
1014 3040 1204 3104 venantibus
1218 3039 1317 3103 cadas

361 3142 396 3205 in
425 3140 577 3223 praedam.
637 3142 664 3203 A
694 3141 864 3206 novalibus
893 3143 960 3205 suis
986 3153 1131 3206 arcentur
1156 3143 1315 3224 agricolae,

362 3241 438 3306 dum
467 3243 542 3306 ferae
577 3242 717 3306 habeant
756 3243 893 3326 vagandi
929 3245 1117 3308 libertatem.
1177 3244 1247 3307 lllis
1280 3255 1318 3308 ut

363 3360 484 3424 pascua
520 3354 705 3420 augeantur,
741 3343 863 3424 praedia
902 3345 1131 3407 subtrahuntur
1167 3344 1318 3426 agricolis

364 3439 543 3512 sationalia,
573 3438 702 3503 insitiva
731 3443 867 3519 colonis,
893 3464 1089 3527 compascua
1118 3445 1316 3509 armentariis

364 3550 397 3604 et
419 3537 582 3621 gregariis,
605 3539 743 3601 alvearia
766 3562 785 3603 a
806 3543 971 3606 floralibus
990 3547 1216 3625 excluduntur,
1237 3545 1318 3628 ipsis

364 3660 494 3726 quoque
517 3639 634 3722 apibus
655 3639 710 3703 vix
733 3643 871 3705 naturali
892 3643 1037 3709 libertate
1060 3648 1105 3711 uti
1127 3648 1320 3731 permissum

364 3751 423 3806 est.
469 3739 558 3802 Deus
584 3741 681 3812 bone,
704 3740 793 3823 quod
820 3752 962 3820 oestrum,
985 3755 1018 3807 et
1043 3758 1174 3811 caeteras
1200 3761 1319 3831 pestes,

363 3863 436 3926 quae
473 3861 539 3903 non
569 3842 661 3917 seras,
692 3840 750 3905 sed
778 3840 905 3906 delitias
943 3854 1112 3926 potentum
1142 3850 1318 3929 exagitant,

366 3953 433 4006 toto
445 3950 613 4024 potentatu
624 3962 682 4004 suo
695 3963 759 4005 non
771 3955 908 4025 possunt
919 3941 1060 4026 abigere,
1071 3969 1169 4030 quum
1181 3960 1213 4011 et
1224 3951 1321 4013 culex

367 4045 402 4108 iu
416 4042 571 4106 ultionem
587 4042 726 4105 hominis
742 4054 892 4118 armatus,
908 4045 1093 4108 acrimoniae
1108 4068 1174 4109 suae
1191 4047 1321 4110 aculeos

367 4148 400 4210 in
423 4144 507 4208 feras
530 4154 615 4207 recte
637 4155 797 4208 exerceat.
843 4144 896 4208 Sic
917 4144 943 4207 si
964 4144 1018 4209 hic
1040 4146 1148 4224 sueriS,
1163 4148 1196 4211 in
1219 4167 1321 4212 annos

365 4247 490 4331 cogeris
519 4257 588 4310 sata
617 4246 769 4310 redimere
800 4247 849 4311 vel
878 4247 1033 4311 amittere.
1088 4249 1182 4331 Elige
1212 4259 1318 4316 utrum
