<?xml version="1.0" encoding="UTF-8"?>
<!DOCTYPE html PUBLIC "-//W3C//DTD XHTML 1.0 Transitional//EN"
    "http://www.w3.org/TR/xhtml1/DTD/xhtml1-transitional.dtd">
<html xmlns="http://www.w3.org/1999/xhtml" xml:lang="en" lang="en">
 <head>
  <title>
</title>
<meta http-equiv="Content-Type" content="text/html;charset=utf-8" />
  <meta name='ocr-system' content='tesseract 3.04.00' />
  <meta name='ocr-capabilities' content='ocr_page ocr_carea ocr_par ocr_line ocrx_word'/>
</head>
<body>
  <div class='ocr_page' id='page_1' title='image "./joannissaresber04johngoog_0333.png"; bbox 0 0 3309 5309; ppageno 0'>
   <div class='ocr_carea' id='block_1_1' title="bbox 273 665 1227 744">
    <p class='ocr_par' dir='ltr' id='par_1_1' title="bbox 273 665 1227 744">
     <span class='ocr_line' id='line_1_1' title="bbox 273 665 1227 744; baseline 0.002 -19"><span class='ocrx_word' id='word_1_1' title='bbox 273 682 340 726; x_wconf 81' lang='lat' dir='ltr'>car.</span> <span class='ocrx_word' id='word_1_2' title='bbox 356 665 449 744; x_wconf 80' lang='lat' dir='ltr'>xtra]</span> <span class='ocrx_word' id='word_1_3' title='bbox 624 681 880 726; x_wconf 78' lang='lat' dir='ltr'>rotvcnrtmcus.</span> <span class='ocrx_word' id='word_1_4' title='bbox 1165 670 1227 728; x_wconf 84' lang='lat'>317</span> 
     </span>
    </p>
   </div>
   <div class='ocr_carea' id='block_1_2' title="bbox 273 834 1245 4346">
    <p class='ocr_par' dir='ltr' id='par_1_2' title="bbox 273 834 1245 4346">
     <span class='ocr_line' id='line_1_2' title="bbox 273 834 1228 918; baseline 0 -20"><span class='ocrx_word' id='word_1_5' title='bbox 273 858 356 911; x_wconf 88' lang='lat' dir='ltr'>esse,</span> <span class='ocrx_word' id='word_1_6' title='bbox 379 836 430 898; x_wconf 91' lang='lat' dir='ltr'>vel</span> <span class='ocrx_word' id='word_1_7' title='bbox 449 856 506 918; x_wconf 92' lang='lat' dir='ltr'>per</span> <span class='ocrx_word' id='word_1_8' title='bbox 525 856 570 910; x_wconf 90' lang='lat' dir='ltr'>se,</span> <span class='ocrx_word' id='word_1_9' title='bbox 591 835 641 897; x_wconf 89' lang='lat' dir='ltr'>vel</span> <span class='ocrx_word' id='word_1_10' title='bbox 664 855 721 916; x_wconf 89' lang='lat' dir='ltr'>per</span> <span class='ocrx_word' id='word_1_11' title='bbox 743 834 882 897; x_wconf 89' lang='lat' dir='ltr'>mediam</span> <span class='ocrx_word' id='word_1_12' title='bbox 898 855 1075 918; x_wconf 83' lang='lat' dir='ltr'><strong>personam,</strong></span> <span class='ocrx_word' id='word_1_13' title='bbox 1092 835 1158 898; x_wconf 89' lang='lat' dir='ltr'>sire</span> <span class='ocrx_word' id='word_1_14' title='bbox 1176 834 1228 918; x_wconf 91' lang='lat' dir='ltr'>ju-</span> 
     </span>
     <span class='ocr_line' id='line_1_3' title="bbox 274 934 1230 1019; baseline 0 -21"><span class='ocrx_word' id='word_1_15' title='bbox 274 936 413 1009; x_wconf 90' lang='lat' dir='ltr'>dicibus,</span> <span class='ocrx_word' id='word_1_16' title='bbox 426 936 491 998; x_wconf 88' lang='lat' dir='ltr'>sive</span> <span class='ocrx_word' id='word_1_17' title='bbox 503 936 573 997; x_wconf 92' lang='lat' dir='ltr'>aliis</span> <span class='ocrx_word' id='word_1_18' title='bbox 585 934 831 1018; x_wconf 81' lang='lat' dir='ltr'>quibuscunque</span> <span class='ocrx_word' id='word_1_19' title='bbox 843 935 989 1019; x_wconf 90' lang='lat' dir='ltr'>personis</span> <span class='ocrx_word' id='word_1_20' title='bbox 1003 956 1060 1018; x_wconf 88' lang='lat' dir='ltr'>pro</span> <span class='ocrx_word' id='word_1_21' title='bbox 1073 956 1113 998; x_wconf 91' lang='lat' dir='ltr'>ea</span> <span class='ocrx_word' id='word_1_22' title='bbox 1124 956 1230 1013; x_wconf 88' lang='lat' dir='ltr'>causa,</span> 
     </span>
     <span class='ocr_line' id='line_1_4' title="bbox 274 1035 1231 1121; baseline -0.002 -20"><span class='ocrx_word' id='word_1_23' title='bbox 274 1038 422 1121; x_wconf 83' lang='lat' dir='ltr'>exceptis</span> <span class='ocrx_word' id='word_1_24' title='bbox 436 1037 499 1110; x_wconf 88' lang='lat' dir='ltr'>his,</span> <span class='ocrx_word' id='word_1_25' title='bbox 512 1057 584 1118; x_wconf 84' lang='lat' dir='ltr'>quae</span> <span class='ocrx_word' id='word_1_26' title='bbox 600 1035 777 1114; x_wconf 88' lang='lat' dir='ltr'>advocatis,</span> <span class='ocrx_word' id='word_1_27' title='bbox 788 1048 820 1099; x_wconf 92' lang='lat' dir='ltr'>et</span> <span class='ocrx_word' id='word_1_28' title='bbox 832 1036 1041 1120; x_wconf 85' lang='lat' dir='ltr'>quisbusdam</span> <span class='ocrx_word' id='word_1_29' title='bbox 1054 1037 1124 1100; x_wconf 88' lang='lat' dir='ltr'>aliis</span> <span class='ocrx_word' id='word_1_30' title='bbox 1135 1037 1231 1100; x_wconf 92' lang='lat' dir='ltr'>certis</span> 
     </span>
     <span class='ocr_line' id='line_1_5' title="bbox 274 1135 1230 1221; baseline -0.003 -19"><span class='ocrx_word' id='word_1_31' title='bbox 274 1139 420 1221; x_wconf 88' lang='lat' dir='ltr'>personis</span> <span class='ocrx_word' id='word_1_32' title='bbox 435 1136 474 1200; x_wconf 93' lang='lat' dir='ltr'>de</span> <span class='ocrx_word' id='word_1_33' title='bbox 490 1137 573 1221; x_wconf 89' lang='lat' dir='ltr'>juris</span> <span class='ocrx_word' id='word_1_34' title='bbox 588 1137 787 1219; x_wconf 85' lang='lat' dir='ltr'>indulgentia</span> <span class='ocrx_word' id='word_1_35' title='bbox 802 1137 944 1220; x_wconf 88' lang='lat' dir='ltr'>praestari</span> <span class='ocrx_word' id='word_1_36' title='bbox 959 1138 1045 1202; x_wconf 89' lang='lat' dir='ltr'>licet.</span> <span class='ocrx_word' id='word_1_37' title='bbox 1090 1135 1187 1211; x_wconf 87' lang='lat' dir='ltr'>Quod</span> <span class='ocrx_word' id='word_1_38' title='bbox 1202 1138 1230 1201; x_wconf 90' lang='lat' dir='ltr'>si</span> 
     </span>
     <span class='ocr_line' id='line_1_6' title="bbox 275 1238 1229 1323; baseline 0.001 -22"><span class='ocrx_word' id='word_1_39' title='bbox 275 1251 364 1303; x_wconf 88' lang='lat' dir='ltr'>actor</span> <span class='ocrx_word' id='word_1_40' title='bbox 378 1240 425 1302; x_wconf 91' lang='lat' dir='ltr'>sic</span> <span class='ocrx_word' id='word_1_41' title='bbox 445 1238 552 1323; x_wconf 84' lang='lat' dir='ltr'>jurare</span> <span class='ocrx_word' id='word_1_42' title='bbox 575 1239 777 1315; x_wconf 84' lang='lat' dir='ltr'>recusaverit,</span> <span class='ocrx_word' id='word_1_43' title='bbox 792 1240 947 1303; x_wconf 85' lang='lat' dir='ltr'>exclusus</span> <span class='ocrx_word' id='word_1_44' title='bbox 967 1261 987 1302; x_wconf 88' lang='lat' dir='ltr'>a</span> <span class='ocrx_word' id='word_1_45' title='bbox 1005 1241 1060 1303; x_wconf 92' lang='lat' dir='ltr'>lite</span> <span class='ocrx_word' id='word_1_46' title='bbox 1077 1240 1165 1303; x_wconf 88' lang='lat' dir='ltr'>cadit</span> <span class='ocrx_word' id='word_1_47' title='bbox 1188 1241 1229 1305; x_wconf 86' lang='lat' dir='ltr'>ab</span> 
     </span>
     <span class='ocr_line' id='line_1_7' title="bbox 276 1340 1232 1423; baseline 0 -19"><span class='ocrx_word' id='word_1_48' title='bbox 276 1341 415 1419; x_wconf 88' lang='lat' dir='ltr'>actione,</span> <span class='ocrx_word' id='word_1_49' title='bbox 429 1350 583 1423; x_wconf 89' lang='lat' dir='ltr'>tauquam</span> <span class='ocrx_word' id='word_1_50' title='bbox 604 1340 767 1422; x_wconf 89' lang='lat' dir='ltr'>improbus</span> <span class='ocrx_word' id='word_1_51' title='bbox 787 1340 936 1421; x_wconf 88' lang='lat' dir='ltr'>litigator.</span> <span class='ocrx_word' id='word_1_52' title='bbox 981 1341 1070 1404; x_wconf 89' lang='lat' dir='ltr'>Reus</span> <span class='ocrx_word' id='word_1_53' title='bbox 1086 1363 1160 1405; x_wconf 92' lang='lat' dir='ltr'>vero</span> <span class='ocrx_word' id='word_1_54' title='bbox 1176 1340 1232 1404; x_wconf 93' lang='lat' dir='ltr'>de·</span> 
     </span>
     <span class='ocr_line' id='line_1_8' title="bbox 276 1437 1229 1521; baseline 0 -20"><span class='ocrx_word' id='word_1_55' title='bbox 276 1448 414 1502; x_wconf 82' lang='lat' dir='ltr'>trectans</span> <span class='ocrx_word' id='word_1_56' title='bbox 434 1439 540 1502; x_wconf 86' lang='lat' dir='ltr'>subire</span> <span class='ocrx_word' id='word_1_57' title='bbox 554 1437 781 1521; x_wconf 88' lang='lat' dir='ltr'>juramentum,</span> <span class='ocrx_word' id='word_1_58' title='bbox 797 1437 933 1501; x_wconf 85' lang='lat' dir='ltr'>habetur</span> <span class='ocrx_word' id='word_1_59' title='bbox 947 1459 1006 1520; x_wconf 91' lang='lat' dir='ltr'>pro</span> <span class='ocrx_word' id='word_1_60' title='bbox 1022 1440 1180 1514; x_wconf 84' lang='lat' dir='ltr'>confesso,</span> <span class='ocrx_word' id='word_1_61' title='bbox 1197 1449 1229 1502; x_wconf 92' lang='lat' dir='ltr'>et</span> 
     </span>
     <span class='ocr_line' id='line_1_9' title="bbox 277 1537 1231 1624; baseline 0.001 -21"><span class='ocrx_word' id='word_1_62' title='bbox 277 1538 469 1604; x_wconf 88' lang='lat' dir='ltr'>sententiam</span> <span class='ocrx_word' id='word_1_63' title='bbox 496 1539 708 1602; x_wconf 86' lang='lat' dir='ltr'>damnationis</span> <span class='ocrx_word' id='word_1_64' title='bbox 735 1550 894 1622; x_wconf 82' lang='lat' dir='ltr'>expectat.</span> <span class='ocrx_word' id='word_1_65' title='bbox 940 1537 1005 1601; x_wconf 84' lang='lat' dir='ltr'>Sed</span> <span class='ocrx_word' id='word_1_66' title='bbox 1030 1551 1063 1601; x_wconf 91' lang='lat' dir='ltr'>et</span> <span class='ocrx_word' id='word_1_67' title='bbox 1085 1540 1148 1622; x_wconf 91' lang='lat' dir='ltr'>ipsi</span> <span class='ocrx_word' id='word_1_68' title='bbox 1173 1561 1231 1624; x_wconf 86' lang='lat' dir='ltr'>pa·</span> 
     </span>
     <span class='ocr_line' id='line_1_10' title="bbox 278 1639 1234 1722; baseline 0.003 -22"><span class='ocrx_word' id='word_1_69' title='bbox 278 1641 362 1702; x_wconf 91' lang='lat' dir='ltr'>troni</span> <span class='ocrx_word' id='word_1_70' title='bbox 385 1660 562 1716; x_wconf 83' lang='lat' dir='ltr'>causarum,</span> <span class='ocrx_word' id='word_1_71' title='bbox 583 1661 648 1721; x_wconf 87' lang='lat' dir='ltr'>quc</span> <span class='ocrx_word' id='word_1_72' title='bbox 671 1639 796 1701; x_wconf 90' lang='lat' dir='ltr'>fidelior</span> <span class='ocrx_word' id='word_1_73' title='bbox 814 1640 918 1722; x_wconf 90' lang='lat' dir='ltr'>possit</span> <span class='ocrx_word' id='word_1_74' title='bbox 938 1660 1007 1701; x_wconf 91' lang='lat' dir='ltr'>esse</span> <span class='ocrx_word' id='word_1_75' title='bbox 1028 1639 1234 1718; x_wconf 78' lang='lat' dir='ltr'>examinatiO,</span> 
     </span>
     <span class='ocr_line' id='line_1_11' title="bbox 278 1740 1233 1825; baseline -0.001 -21"><span class='ocrx_word' id='word_1_76' title='bbox 278 1741 318 1804; x_wconf 87' lang='lat' dir='ltr'>ab</span> <span class='ocrx_word' id='word_1_77' title='bbox 345 1740 417 1825; x_wconf 92' lang='lat' dir='ltr'>ipsa</span> <span class='ocrx_word' id='word_1_78' title='bbox 440 1743 671 1805; x_wconf 88' lang='lat' dir='ltr'>contestatione</span> <span class='ocrx_word' id='word_1_79' title='bbox 696 1741 772 1813; x_wconf 87' lang='lat' dir='ltr'>litis,</span> <span class='ocrx_word' id='word_1_80' title='bbox 795 1740 980 1824; x_wconf 89' lang='lat' dir='ltr'>juramento</span> <span class='ocrx_word' id='word_1_81' title='bbox 1006 1749 1166 1803; x_wconf 86' lang='lat' dir='ltr'>arctantur</span> <span class='ocrx_word' id='word_1_82' title='bbox 1190 1741 1233 1804; x_wconf 88' lang='lat' dir='ltr'>ad</span> 
     </span>
     <span class='ocr_line' id='line_1_12' title="bbox 279 1839 1234 1925; baseline 0 -20"><span class='ocrx_word' id='word_1_83' title='bbox 279 1842 440 1905; x_wconf 88' lang='lat' dir='ltr'>veritatem</span> <span class='ocrx_word' id='word_1_84' title='bbox 462 1852 495 1905; x_wconf 93' lang='lat' dir='ltr'>et</span> <span class='ocrx_word' id='word_1_85' title='bbox 513 1842 622 1917; x_wconf 90' lang='lat' dir='ltr'>fidem,</span> <span class='ocrx_word' id='word_1_86' title='bbox 638 1840 786 1925; x_wconf 89' lang='lat' dir='ltr'>jurantes</span> <span class='ocrx_word' id='word_1_87' title='bbox 808 1839 898 1924; x_wconf 92' lang='lat' dir='ltr'>quod</span> <span class='ocrx_word' id='word_1_88' title='bbox 919 1862 994 1903; x_wconf 92' lang='lat' dir='ltr'>cum</span> <span class='ocrx_word' id='word_1_89' title='bbox 1014 1842 1104 1903; x_wconf 90' lang='lat' dir='ltr'>omni</span> <span class='ocrx_word' id='word_1_90' title='bbox 1119 1843 1234 1905; x_wconf 89' lang='lat' dir='ltr'>virtute</span> 
     </span>
     <span class='ocr_line' id='line_1_13' title="bbox 279 1942 1234 2027; baseline 0 -21"><span class='ocrx_word' id='word_1_91' title='bbox 279 1965 347 2018; x_wconf 91' lang='lat' dir='ltr'>sua,</span> <span class='ocrx_word' id='word_1_92' title='bbox 369 1942 520 2027; x_wconf 90' lang='lat' dir='ltr'>omnique</span> <span class='ocrx_word' id='word_1_93' title='bbox 542 1963 615 2024; x_wconf 91' lang='lat' dir='ltr'>ope,</span> <span class='ocrx_word' id='word_1_94' title='bbox 635 1942 722 2024; x_wconf 95' lang='lat' dir='ltr'>quod</span> <span class='ocrx_word' id='word_1_95' title='bbox 740 1942 863 2026; x_wconf 90' lang='lat' dir='ltr'>justum</span> <span class='ocrx_word' id='word_1_96' title='bbox 887 1953 918 2005; x_wconf 89' lang='lat' dir='ltr'>et</span> <span class='ocrx_word' id='word_1_97' title='bbox 939 1964 1048 2005; x_wconf 92' lang='lat' dir='ltr'>verum</span> <span class='ocrx_word' id='word_1_98' title='bbox 1071 1944 1234 2006; x_wconf 85' lang='lat' dir='ltr'>examina·</span> 
     </span>
     <span class='ocr_line' id='line_1_14' title="bbox 280 2044 1237 2128; baseline 0.002 -22"><span class='ocrx_word' id='word_1_99' title='bbox 280 2046 394 2122; x_wconf 86' lang='lat' dir='ltr'>verint,</span> <span class='ocrx_word' id='word_1_100' title='bbox 405 2047 578 2109; x_wconf 86' lang='lat' dir='ltr'>clientibus</span> <span class='ocrx_word' id='word_1_101' title='bbox 594 2045 660 2107; x_wconf 88' lang='lat' dir='ltr'>suis</span> <span class='ocrx_word' id='word_1_102' title='bbox 676 2045 791 2107; x_wconf 80' lang='lat' dir='ltr'>infame</span> <span class='ocrx_word' id='word_1_103' title='bbox 803 2047 1030 2128; x_wconf 89' lang='lat' dir='ltr'>procurabunt,</span> <span class='ocrx_word' id='word_1_104' title='bbox 1042 2044 1120 2107; x_wconf 90' lang='lat' dir='ltr'>nibil</span> <span class='ocrx_word' id='word_1_105' title='bbox 1137 2046 1237 2109; x_wconf 89' lang='lat' dir='ltr'>studii</span> 
     </span>
     <span class='ocr_line' id='line_1_15' title="bbox 280 2147 1236 2232; baseline 0.001 -24"><span class='ocrx_word' id='word_1_106' title='bbox 280 2147 494 2230; x_wconf 85' lang='lat' dir='ltr'>relinquentes</span> <span class='ocrx_word' id='word_1_107' title='bbox 516 2156 610 2231; x_wconf 92' lang='lat' dir='ltr'>prout</span> <span class='ocrx_word' id='word_1_108' title='bbox 631 2148 748 2229; x_wconf 90' lang='lat' dir='ltr'>cuique</span> <span class='ocrx_word' id='word_1_109' title='bbox 768 2148 921 2232; x_wconf 88' lang='lat' dir='ltr'>possibile</span> <span class='ocrx_word' id='word_1_110' title='bbox 942 2161 1011 2223; x_wconf 83' lang='lat' dir='ltr'>est3</span> <span class='ocrx_word' id='word_1_111' title='bbox 1034 2159 1066 2210; x_wconf 89' lang='lat' dir='ltr'>et</span> <span class='ocrx_word' id='word_1_112' title='bbox 1084 2148 1171 2232; x_wconf 89' lang='lat' dir='ltr'>quod</span> <span class='ocrx_word' id='word_1_113' title='bbox 1193 2168 1236 2212; x_wconf 85' lang='lat' dir='ltr'>ex</span> 
     </span>
     <span class='ocr_line' id='line_1_16' title="bbox 280 2245 1237 2331; baseline 0.003 -23"><span class='ocrx_word' id='word_1_114' title='bbox 280 2245 437 2310; x_wconf 90' lang='lat' dir='ltr'>industria</span> <span class='ocrx_word' id='word_1_115' title='bbox 453 2268 512 2310; x_wconf 87' lang='lat' dir='ltr'>sua</span> <span class='ocrx_word' id='word_1_116' title='bbox 526 2270 590 2310; x_wconf 90' lang='lat' dir='ltr'>uon</span> <span class='ocrx_word' id='word_1_117' title='bbox 607 2248 790 2331; x_wconf 86' lang='lat' dir='ltr'>protrahent</span> <span class='ocrx_word' id='word_1_118' title='bbox 801 2248 884 2310; x_wconf 79' lang='lat' dir='ltr'>lites</span> <span class='ocrx_word' id='word_1_119' title='bbox 928 2250 1014 2312; x_wconf 89' lang='lat' dir='ltr'>Nam</span> <span class='ocrx_word' id='word_1_120' title='bbox 1037 2269 1092 2312; x_wconf 92' lang='lat' dir='ltr'>eas</span> <span class='ocrx_word' id='word_1_121' title='bbox 1112 2258 1237 2331; x_wconf 86' lang='lat' dir='ltr'>oportet</span> 
     </span>
     <span class='ocr_line' id='line_1_17' title="bbox 281 2348 1236 2431; baseline 0.002 -22"><span class='ocrx_word' id='word_1_122' title='bbox 281 2368 301 2409; x_wconf 90' lang='lat' dir='ltr'>a</span> <span class='ocrx_word' id='word_1_123' title='bbox 317 2348 486 2431; x_wconf 88' lang='lat' dir='ltr'>judicibus</span> <span class='ocrx_word' id='word_1_124' title='bbox 508 2349 588 2413; x_wconf 83' lang='lat' dir='ltr'>infra</span> <span class='ocrx_word' id='word_1_125' title='bbox 611 2351 777 2413; x_wconf 87' lang='lat' dir='ltr'>biennium</span> <span class='ocrx_word' id='word_1_126' title='bbox 799 2351 850 2413; x_wconf 92' lang='lat' dir='ltr'>vel</span> <span class='ocrx_word' id='word_1_127' title='bbox 872 2351 1044 2414; x_wconf 87' lang='lat' dir='ltr'>triennium</span> <span class='ocrx_word' id='word_1_128' title='bbox 1065 2350 1236 2413; x_wconf 87' lang='lat' dir='ltr'>terminari.</span> 
     </span>
     <span class='ocr_line' id='line_1_18' title="bbox 281 2451 1236 2535; baseline 0.001 -23"><span class='ocrx_word' id='word_1_129' title='bbox 281 2451 376 2532; x_wconf 91' lang='lat' dir='ltr'>Ipsos</span> <span class='ocrx_word' id='word_1_130' title='bbox 402 2472 530 2535; x_wconf 89' lang='lat' dir='ltr'>quoque</span> <span class='ocrx_word' id='word_1_131' title='bbox 556 2452 730 2515; x_wconf 88' lang='lat' dir='ltr'>advocatos</span> <span class='ocrx_word' id='word_1_132' title='bbox 752 2454 820 2535; x_wconf 92' lang='lat' dir='ltr'>pari</span> <span class='ocrx_word' id='word_1_133' title='bbox 843 2453 1067 2516; x_wconf 90' lang='lat' dir='ltr'>distributione</span> <span class='ocrx_word' id='word_1_134' title='bbox 1092 2453 1236 2534; x_wconf 89' lang='lat' dir='ltr'>partibus</span> 
     </span>
     <span class='ocr_line' id='line_1_19' title="bbox 281 2554 1237 2636; baseline -0.001 -23"><span class='ocrx_word' id='word_1_135' title='bbox 281 2554 477 2636; x_wconf 68' lang='lat' dir='ltr'>exaequabit,</span> <span class='ocrx_word' id='word_1_136' title='bbox 503 2554 570 2616; x_wconf 89' lang='lat' dir='ltr'>sive</span> <span class='ocrx_word' id='word_1_137' title='bbox 600 2576 655 2616; x_wconf 91' lang='lat' dir='ltr'>eos</span> <span class='ocrx_word' id='word_1_138' title='bbox 685 2554 846 2634; x_wconf 90' lang='lat' dir='ltr'>petierint,</span> <span class='ocrx_word' id='word_1_139' title='bbox 876 2554 942 2613; x_wconf 91' lang='lat' dir='ltr'>sive</span> <span class='ocrx_word' id='word_1_140' title='bbox 971 2573 1048 2626; x_wconf 93' lang='lat' dir='ltr'>non,</span> <span class='ocrx_word' id='word_1_141' title='bbox 1077 2562 1114 2611; x_wconf 87' lang='lat' dir='ltr'>ut</span> <span class='ocrx_word' id='word_1_142' title='bbox 1143 2571 1237 2631; x_wconf 86' lang='lat' dir='ltr'>aequo</span> 
     </span>
     <span class='ocr_line' id='line_1_20' title="bbox 282 2650 1239 2738; baseline -0.004 -24"><span class='ocrx_word' id='word_1_143' title='bbox 282 2653 386 2716; x_wconf 90' lang='lat' dir='ltr'>Marte</span> <span class='ocrx_word' id='word_1_144' title='bbox 406 2656 507 2738; x_wconf 93' lang='lat' dir='ltr'>possit</span> <span class='ocrx_word' id='word_1_145' title='bbox 526 2674 624 2716; x_wconf 90' lang='lat' dir='ltr'>causa</span> <span class='ocrx_word' id='word_1_146' title='bbox 645 2651 830 2734; x_wconf 90' lang='lat' dir='ltr'>procedere.</span> <span class='ocrx_word' id='word_1_147' title='bbox 878 2652 962 2713; x_wconf 83' lang='lat' dir='ltr'>Haec</span> <span class='ocrx_word' id='word_1_148' title='bbox 984 2660 1089 2712; x_wconf 91' lang='lat' dir='ltr'>autem</span> <span class='ocrx_word' id='word_1_149' title='bbox 1109 2650 1239 2732; x_wconf 86' lang='lat' dir='ltr'>paritas,</span> 
     </span>
     <span class='ocr_line' id='line_1_21' title="bbox 282 2748 1238 2832; baseline -0.005 -16"><span class='ocrx_word' id='word_1_150' title='bbox 282 2754 372 2816; x_wconf 90' lang='lat' dir='ltr'>etin</span> <span class='ocrx_word' id='word_1_151' title='bbox 399 2755 524 2816; x_wconf 89' lang='lat' dir='ltr'>virtutis</span> <span class='ocrx_word' id='word_1_152' title='bbox 550 2752 674 2827; x_wconf 88' lang='lat' dir='ltr'>merito,</span> <span class='ocrx_word' id='word_1_153' title='bbox 699 2760 731 2812; x_wconf 90' lang='lat' dir='ltr'>et</span> <span class='ocrx_word' id='word_1_154' title='bbox 758 2749 926 2813; x_wconf 85' lang='lat' dir='ltr'>vivacitate</span> <span class='ocrx_word' id='word_1_155' title='bbox 952 2749 1089 2832; x_wconf 89' lang='lat' dir='ltr'>ingenii,</span> <span class='ocrx_word' id='word_1_156' title='bbox 1111 2748 1238 2812; x_wconf 91' lang='lat' dir='ltr'>consilii</span> 
     </span>
     <span class='ocr_line' id='line_1_22' title="bbox 281 2850 1238 2936; baseline -0.002 -20"><span class='ocrx_word' id='word_1_157' title='bbox 281 2853 512 2936; x_wconf 88' lang='lat' dir='ltr'>profunditate,</span> <span class='ocrx_word' id='word_1_158' title='bbox 536 2863 568 2914; x_wconf 88' lang='lat' dir='ltr'>et</span> <span class='ocrx_word' id='word_1_159' title='bbox 590 2852 743 2934; x_wconf 90' lang='lat' dir='ltr'>opinione</span> <span class='ocrx_word' id='word_1_160' title='bbox 767 2850 922 2931; x_wconf 73' lang='lat' dir='ltr'>scientiae,</span> <span class='ocrx_word' id='word_1_161' title='bbox 946 2862 978 2914; x_wconf 93' lang='lat' dir='ltr'>et</span> <span class='ocrx_word' id='word_1_162' title='bbox 1000 2851 1139 2913; x_wconf 88' lang='lat' dir='ltr'>nominis</span> <span class='ocrx_word' id='word_1_163' title='bbox 1163 2871 1238 2914; x_wconf 87' lang='lat' dir='ltr'>auc·</span> 
     </span>
     <span class='ocr_line' id='line_1_23' title="bbox 282 2950 1239 3035; baseline -0.004 -18"><span class='ocrx_word' id='word_1_164' title='bbox 282 2954 409 3017; x_wconf 87' lang='lat' dir='ltr'>toritate</span> <span class='ocrx_word' id='word_1_165' title='bbox 432 2953 590 3029; x_wconf 85' lang='lat' dir='ltr'>consistit,</span> <span class='ocrx_word' id='word_1_166' title='bbox 608 2964 644 3015; x_wconf 90' lang='lat' dir='ltr'>ut</span> <span class='ocrx_word' id='word_1_167' title='bbox 665 2952 735 3014; x_wconf 83' lang='lat' dir='ltr'>haec</span> <span class='ocrx_word' id='word_1_168' title='bbox 757 2953 877 3031; x_wconf 87' lang='lat' dir='ltr'>omnia,</span> <span class='ocrx_word' id='word_1_169' title='bbox 892 2954 918 3015; x_wconf 90' lang='lat' dir='ltr'>si</span> <span class='ocrx_word' id='word_1_170' title='bbox 934 2952 1004 3015; x_wconf 87' lang='lat' dir='ltr'>fieri</span> <span class='ocrx_word' id='word_1_171' title='bbox 1019 2960 1136 3035; x_wconf 89' lang='lat' dir='ltr'>potest,</span> <span class='ocrx_word' id='word_1_172' title='bbox 1152 2950 1239 3033; x_wconf 90' lang='lat' dir='ltr'>apud</span> 
     </span>
     <span class='ocr_line' id='line_1_24' title="bbox 284 3048 1240 3135; baseline -0.002 -22"><span class='ocrx_word' id='word_1_173' title='bbox 284 3064 390 3134; x_wconf 89' lang='lat' dir='ltr'>partes</span> <span class='ocrx_word' id='word_1_174' title='bbox 416 3050 555 3134; x_wconf 88' lang='lat' dir='ltr'>quadam</span> <span class='ocrx_word' id='word_1_175' title='bbox 582 3052 741 3135; x_wconf 71' lang='lat' dir='ltr'>aequitatis</span> <span class='ocrx_word' id='word_1_176' title='bbox 766 3054 860 3115; x_wconf 88' lang='lat' dir='ltr'>lance</span> <span class='ocrx_word' id='word_1_177' title='bbox 882 3053 1050 3114; x_wconf 86' lang='lat' dir='ltr'>librentur.</span> <span class='ocrx_word' id='word_1_178' title='bbox 1095 3048 1190 3123; x_wconf 89' lang='lat' dir='ltr'>Quod</span> <span class='ocrx_word' id='word_1_179' title='bbox 1212 3049 1240 3112; x_wconf 92' lang='lat' dir='ltr'>si</span> 
     </span>
     <span class='ocr_line' id='line_1_25' title="bbox 284 3148 1241 3234; baseline -0.003 -18"><span class='ocrx_word' id='word_1_180' title='bbox 284 3151 380 3216; x_wconf 90' lang='lat' dir='ltr'>unius</span> <span class='ocrx_word' id='word_1_181' title='bbox 402 3173 468 3234; x_wconf 88' lang='lat' dir='ltr'>prae</span> <span class='ocrx_word' id='word_1_182' title='bbox 491 3154 614 3216; x_wconf 87' lang='lat' dir='ltr'>caeteris</span> <span class='ocrx_word' id='word_1_183' title='bbox 636 3164 684 3215; x_wconf 88' lang='lat' dir='ltr'>est</span> <span class='ocrx_word' id='word_1_184' title='bbox 708 3153 793 3216; x_wconf 85' lang='lat' dir='ltr'>fama</span> <span class='ocrx_word' id='word_1_185' title='bbox 814 3154 955 3229; x_wconf 89' lang='lat' dir='ltr'>hilarior,</span> <span class='ocrx_word' id='word_1_186' title='bbox 970 3173 1013 3214; x_wconf 83' lang='lat' dir='ltr'>ex</span> <span class='ocrx_word' id='word_1_187' title='bbox 1034 3151 1139 3215; x_wconf 88' lang='lat' dir='ltr'>officio</span> <span class='ocrx_word' id='word_1_188' title='bbox 1158 3148 1241 3234; x_wconf 89' lang='lat' dir='ltr'>judi·</span> 
     </span>
     <span class='ocr_line' id='line_1_26' title="bbox 284 3251 1239 3338; baseline -0.001 -22"><span class='ocrx_word' id='word_1_189' title='bbox 284 3254 389 3316; x_wconf 88' lang='lat' dir='ltr'>cantis</span> <span class='ocrx_word' id='word_1_190' title='bbox 404 3264 499 3335; x_wconf 88' lang='lat' dir='ltr'>prout</span> <span class='ocrx_word' id='word_1_191' title='bbox 518 3255 637 3338; x_wconf 87' lang='lat' dir='ltr'>poterit</span> <span class='ocrx_word' id='word_1_192' title='bbox 658 3256 741 3337; x_wconf 91' lang='lat' dir='ltr'>parti</span> <span class='ocrx_word' id='word_1_193' title='bbox 764 3251 951 3317; x_wconf 85' lang='lat' dir='ltr'>adversariae</span> <span class='ocrx_word' id='word_1_194' title='bbox 971 3252 1239 3336; x_wconf 87' lang='lat' dir='ltr'>compensabitur.</span> 
     </span>
     <span class='ocr_line' id='line_1_27' title="bbox 285 3355 1239 3439; baseline 0 -22"><span class='ocrx_word' id='word_1_195' title='bbox 285 3355 349 3427; x_wconf 89' lang='lat' dir='ltr'>Qui</span> <span class='ocrx_word' id='word_1_196' title='bbox 366 3367 471 3418; x_wconf 90' lang='lat' dir='ltr'>tamen</span> <span class='ocrx_word' id='word_1_197' title='bbox 491 3356 628 3439; x_wconf 87' lang='lat' dir='ltr'>alicujus</span> <span class='ocrx_word' id='word_1_198' title='bbox 649 3356 845 3437; x_wconf 85' lang='lat' dir='ltr'>litigatorum</span> <span class='ocrx_word' id='word_1_199' title='bbox 864 3376 980 3418; x_wconf 89' lang='lat' dir='ltr'>arcana</span> <span class='ocrx_word' id='word_1_200' title='bbox 995 3355 1161 3439; x_wconf 76' lang='lat' dir='ltr'>praenovit,</span> <span class='ocrx_word' id='word_1_201' title='bbox 1174 3375 1239 3417; x_wconf 91' lang='lat' dir='ltr'>non</span> 
     </span>
     <span class='ocr_line' id='line_1_28' title="bbox 286 3456 1241 3538; baseline -0.002 -19"><span class='ocrx_word' id='word_1_202' title='bbox 286 3458 537 3538; x_wconf 89' lang='lat' dir='ltr'>patrocinabitur</span> <span class='ocrx_word' id='word_1_203' title='bbox 565 3458 757 3531; x_wconf 90' lang='lat' dir='ltr'>adversario,</span> <span class='ocrx_word' id='word_1_204' title='bbox 783 3457 845 3519; x_wconf 90' lang='lat' dir='ltr'>nisi</span> <span class='ocrx_word' id='word_1_205' title='bbox 873 3457 953 3520; x_wconf 88' lang='lat' dir='ltr'>forte</span> <span class='ocrx_word' id='word_1_206' title='bbox 985 3458 1063 3521; x_wconf 89' lang='lat' dir='ltr'>citra</span> <span class='ocrx_word' id='word_1_207' title='bbox 1089 3456 1241 3519; x_wconf 92' lang='lat' dir='ltr'>conveni-</span> 
     </span>
     <span class='ocr_line' id='line_1_29' title="bbox 287 3557 1240 3642; baseline -0.001 -22"><span class='ocrx_word' id='word_1_208' title='bbox 287 3558 407 3621; x_wconf 90' lang='lat' dir='ltr'>entiam</span> <span class='ocrx_word' id='word_1_209' title='bbox 427 3557 559 3642; x_wconf 88' lang='lat' dir='ltr'>judicis‚</span> <span class='ocrx_word' id='word_1_210' title='bbox 581 3558 749 3641; x_wconf 89' lang='lat' dir='ltr'>separatim</span> <span class='ocrx_word' id='word_1_211' title='bbox 777 3579 850 3620; x_wconf 92' lang='lat' dir='ltr'>cum</span> <span class='ocrx_word' id='word_1_212' title='bbox 879 3559 1025 3639; x_wconf 91' lang='lat' dir='ltr'>pluribus</span> <span class='ocrx_word' id='word_1_213' title='bbox 1049 3557 1141 3619; x_wconf 90' lang='lat' dir='ltr'>aliter</span> <span class='ocrx_word' id='word_1_214' title='bbox 1160 3566 1240 3619; x_wconf 88' lang='lat' dir='ltr'>trac·</span> 
     </span>
     <span class='ocr_line' id='line_1_30' title="bbox 286 3645 1240 3742; baseline 0.002 -22"><span class='ocrx_word' id='word_1_215' title='bbox 286 3659 409 3735; x_wconf 72' lang='lat' dir='ltr'>tavent,</span> <span class='ocrx_word' id='word_1_216' title='bbox 424 3670 459 3721; x_wconf 88' lang='lat' dir='ltr'>ut</span> <span class='ocrx_word' id='word_1_217' title='bbox 478 3660 568 3723; x_wconf 89' lang='lat' dir='ltr'>alteri</span> <span class='ocrx_word' id='word_1_218' title='bbox 591 3659 676 3742; x_wconf 90' lang='lat' dir='ltr'>paris</span> <span class='ocrx_word' id='word_1_219' title='bbox 694 3659 891 3721; x_wconf 84' lang='lat' dir='ltr'>defensionis</span> <span class='ocrx_word' id='word_1_220' title='bbox 913 3660 1007 3741; x_wconf 90' lang='lat' dir='ltr'>copia</span> <span class='ocrx_word' id='word_1_221' title='bbox 1031 3645 1240 3722; x_wconf 86' lang='lat' dir='ltr'>subtrahatur.</span> 
     </span>
     <span class='ocr_line' id='line_1_31' title="bbox 288 3758 1242 3844; baseline 0.004 -24"><span class='ocrx_word' id='word_1_222' title='bbox 288 3759 359 3821; x_wconf 92' lang='lat' dir='ltr'>Nec</span> <span class='ocrx_word' id='word_1_223' title='bbox 375 3761 494 3844; x_wconf 89' lang='lat' dir='ltr'>estqui</span> <span class='ocrx_word' id='word_1_224' title='bbox 515 3782 534 3822; x_wconf 90' lang='lat' dir='ltr'>a</span> <span class='ocrx_word' id='word_1_225' title='bbox 551 3758 663 3843; x_wconf 91' lang='lat' dir='ltr'>judice</span> <span class='ocrx_word' id='word_1_226' title='bbox 687 3761 826 3823; x_wconf 90' lang='lat' dir='ltr'>monitus</span> <span class='ocrx_word' id='word_1_227' title='bbox 848 3761 917 3822; x_wconf 92' lang='lat' dir='ltr'>sine</span> <span class='ocrx_word' id='word_1_228' title='bbox 940 3759 1148 3823; x_wconf 89' lang='lat' dir='ltr'>excusatione</span> <span class='ocrx_word' id='word_1_229' title='bbox 1169 3781 1242 3844; x_wconf 90' lang='lat' dir='ltr'>pro·</span> 
     </span>
     <span class='ocr_line' id='line_1_32' title="bbox 287 3860 1242 3944; baseline 0.001 -22"><span class='ocrx_word' id='word_1_230' title='bbox 287 3860 397 3939; x_wconf 87' lang='lat' dir='ltr'>babili,</span> <span class='ocrx_word' id='word_1_231' title='bbox 413 3864 514 3944; x_wconf 81' lang='lat' dir='ltr'>possit</span> <span class='ocrx_word' id='word_1_232' title='bbox 528 3861 711 3944; x_wconf 90' lang='lat' dir='ltr'>cuicunque</span> <span class='ocrx_word' id='word_1_233' title='bbox 734 3862 816 3944; x_wconf 90' lang='lat' dir='ltr'>parti</span> <span class='ocrx_word' id='word_1_234' title='bbox 837 3863 1051 3944; x_wconf 89' lang='lat' dir='ltr'>patrocinium</span> <span class='ocrx_word' id='word_1_235' title='bbox 1072 3860 1242 3943; x_wconf 89' lang='lat' dir='ltr'>denegare,</span> 
     </span>
     <span class='ocr_line' id='line_1_33' title="bbox 287 3961 1243 4045; baseline 0.001 -23"><span class='ocrx_word' id='word_1_236' title='bbox 287 3962 349 4023; x_wconf 92' lang='lat' dir='ltr'>nisi</span> <span class='ocrx_word' id='word_1_237' title='bbox 366 3962 467 4025; x_wconf 88' lang='lat' dir='ltr'>forum</span> <span class='ocrx_word' id='word_1_238' title='bbox 483 3962 544 4024; x_wconf 89' lang='lat' dir='ltr'>sibi</span> <span class='ocrx_word' id='word_1_239' title='bbox 557 3961 711 4043; x_wconf 77' lang='lat' dir='ltr'>praeludi</span> <span class='ocrx_word' id='word_1_240' title='bbox 729 3963 813 4039; x_wconf 90' lang='lat' dir='ltr'>velit,</span> <span class='ocrx_word' id='word_1_241' title='bbox 826 3974 862 4025; x_wconf 90' lang='lat' dir='ltr'>ut</span> <span class='ocrx_word' id='word_1_242' title='bbox 872 3964 1077 4045; x_wconf 88' lang='lat' dir='ltr'>postmodum</span> <span class='ocrx_word' id='word_1_243' title='bbox 1093 3963 1124 4023; x_wconf 93' lang='lat' dir='ltr'>in</span> <span class='ocrx_word' id='word_1_244' title='bbox 1138 3961 1243 4024; x_wconf 89' lang='lat' dir='ltr'>causis</span> 
     </span>
     <span class='ocr_line' id='line_1_34' title="bbox 289 4059 1245 4148; baseline -0.005 -23"><span class='ocrx_word' id='word_1_245' title='bbox 289 4063 422 4144; x_wconf 81' lang='lat' dir='ltr'>agendis</span> <span class='ocrx_word' id='word_1_246' title='bbox 437 4064 567 4127; x_wconf 91' lang='lat' dir='ltr'>minime</span> <span class='ocrx_word' id='word_1_247' title='bbox 581 4064 739 4127; x_wconf 90' lang='lat' dir='ltr'>audiatur.</span> <span class='ocrx_word' id='word_1_248' title='bbox 777 4065 811 4126; x_wconf 88' lang='lat' dir='ltr'>Si</span> <span class='ocrx_word' id='word_1_249' title='bbox 823 4085 896 4126; x_wconf 91' lang='lat' dir='ltr'>vero</span> <span class='ocrx_word' id='word_1_250' title='bbox 912 4065 1137 4148; x_wconf 84' lang='lat' dir='ltr'>praevaricatus</span> <span class='ocrx_word' id='word_1_251' title='bbox 1152 4059 1245 4136; x_wconf 84' lang='lat' dir='ltr'>suerit</span> 
     </span>
     <span class='ocr_line' id='line_1_35' title="bbox 288 4160 1243 4246; baseline -0.006 -23"><span class='ocrx_word' id='word_1_252' title='bbox 288 4160 473 4240; x_wconf 65' lang='lat' dir='ltr'>advocatus</span> <span class='ocrx_word' id='word_1_253' title='bbox 492 4163 526 4224; x_wconf 92' lang='lat' dir='ltr'>iu</span> <span class='ocrx_word' id='word_1_254' title='bbox 548 4165 731 4226; x_wconf 91' lang='lat' dir='ltr'>convictum</span> <span class='ocrx_word' id='word_1_255' title='bbox 753 4174 888 4246; x_wconf 87' lang='lat' dir='ltr'>oportet,</span> <span class='ocrx_word' id='word_1_256' title='bbox 904 4184 962 4243; x_wconf 91' lang='lat' dir='ltr'>pro</span> <span class='ocrx_word' id='word_1_257' title='bbox 983 4160 1134 4243; x_wconf 84' lang='lat' dir='ltr'>qualitate</span> <span class='ocrx_word' id='word_1_258' title='bbox 1157 4177 1243 4218; x_wconf 90' lang='lat' dir='ltr'>com-</span> 
     </span>
     <span class='ocr_line' id='line_1_36' title="bbox 293 4255 1244 4346; baseline -0.005 -22"><span class='ocrx_word' id='word_1_259' title='bbox 293 4261 530 4346; x_wconf 89' lang='lat' dir='ltr'>missi‚poenam</span> <span class='ocrx_word' id='word_1_260' title='bbox 543 4265 760 4343; x_wconf 88' lang='lat' dir='ltr'>gravissimam</span> <span class='ocrx_word' id='word_1_261' title='bbox 772 4282 932 4326; x_wconf 85' lang='lat' dir='ltr'>exercere.</span> <span class='ocrx_word' id='word_1_262' title='bbox 956 4261 1077 4322; x_wconf 92' lang='lat' dir='ltr'>Munus</span> <span class='ocrx_word' id='word_1_263' title='bbox 1087 4255 1244 4338; x_wconf 86' lang='lat' dir='ltr'>siquidem</span> 
     </span>
    </p>
   </div>
   <div class='ocr_carea' id='block_1_3' title="bbox 0 0 1683 5309">
    <p class='ocr_par' dir='ltr' id='par_1_3' title="bbox 0 0 1683 5309">
     <span class='ocr_line' id='line_1_37' title="bbox 0 0 1683 5309; baseline 0 0"><span class='ocrx_word' id='word_1_264' title='bbox 0 0 1683 5309; x_wconf 95' lang='lat' dir='ltr'> </span> 
     </span>
    </p>
   </div>
  </div>
 </body>
</html>
