3309 5309
345 653 386 712 92
606 665 741 710 JOANNIS
758 663 1038 708 saansaaamnsrs
1166 644 1248 724 [ma.
1264 663 1300 710 11.

345 816 409 882 Sed
424 838 496 880 eoce
511 812 725 900 privilegium,
736 814 822 900 quod
841 815 936 879 homo
946 814 1089 878 conferre
1100 837 1162 878 non
1180 815 1299 901 potuit,

345 916 528 1000 singillatim
551 916 662 980 datum
686 928 733 979 est
757 915 894 995 Danieli,
909 929 945 979 ut
969 915 999 978 in
1023 915 1125 980 lucem
1148 914 1299 999 proderet

346 1018 516 1103 aenigmata
542 1018 747 1098 somniorum,
773 1029 806 1082 et
835 1017 973 1081 Domino
997 1017 1138 1082 dictante
1169 1018 1299 1082 umbras

346 1120 519 1185 discuteret
545 1120 731 1205 figurarum.
777 1124 823 1186 Ut
851 1143 926 1184 vero
955 1119 1153 1184 familiaritas
1183 1119 1300 1186 divinae

347 1223 457 1308 gratiae
472 1222 651 1288 evidentius
664 1222 838 1303 illucescat,
852 1221 930 1308 quid
946 1245 1001 1285 rex
1017 1222 1048 1286 in
1064 1234 1165 1288 atrato
1179 1223 1299 1287 cubans

346 1323 569 1410 praecogitaret
591 1323 732 1409 agnovit,
747 1336 778 1388 et
800 1322 998 1387 meditationi
1015 1322 1080 1386 visa
1100 1335 1300 1402 connectens,

346 1425 534 1512 mysterium
562 1425 683 1504 salutis,
710 1425 797 1510 quod
825 1425 940 1489 umbra
963 1424 1184 1502 obnubilabat,
1208 1438 1240 1490 et
1266 1424 1297 1488 in

347 1528 408 1592 line
437 1528 625 1595 saeculorum
656 1528 850 1614 completum
884 1540 943 1606 est,
972 1543 1027 1592 aut
1061 1527 1296 1614 complendum,

346 1631 519 1717 prudenter
533 1630 691 1714 exposuit.
737 1630 858 1695 Siccine
874 1629 974 1693 solent
995 1630 1188 1715 conjectores
1202 1629 1296 1694 etiam

346 1732 554 1818 cogitationes
568 1744 729 1808 excutere,
745 1744 777 1796 et
799 1732 929 1795 umbras
950 1731 1124 1809 exinanire,
1139 1730 1298 1816 explicare

345 1835 520 1915 involucra,
535 1848 566 1899 et
590 1834 747 1899 illustrare
771 1833 916 1898 tenebras
936 1833 1134 1917 figurarum?
1166 1831 1201 1896 Si
1225 1833 1298 1919 quis

346 1947 394 1998 est
420 1935 475 2020 qui
502 1933 571 2019 pari
597 1933 709 2016 gratiae
734 1931 902 2018 privilegio
927 1931 1076 2016 gaudeat,
1102 1932 1232 1996 accedat
1257 1931 1296 1995 ad

348 2034 527 2114 Danielem,
551 2046 582 2097 et
608 2033 742 2119 Joseph,
766 2047 797 2097 et
823 2032 967 2097 similiter
990 2054 1062 2096 cum
1087 2033 1137 2096 ais⁴
1158 2034 1297 2098 Domino

346 2138 537 2224 gratuletur.
576 2138 679 2213 Quem
692 2159 766 2200 vero
778 2137 921 2202 veritatis
933 2136 1061 2222 spiritus
1072 2160 1134 2201 non
1145 2137 1298 2216 illustrat,

348 2240 388 2304 de
412 2254 480 2303 arte
496 2237 691 2303 somnolenta
714 2239 835 2302 frustra
849 2238 992 2316 conlidit,
1008 2261 1108 2324 quum
1132 2261 1184 2303 ars
1197 2242 1299 2304 omnis

347 2341 463 2405 habeat
484 2363 503 2402 a
527 2352 640 2404 natura
661 2340 827 2425 originem,
843 2341 884 2404 ab
900 2364 959 2406 usu
974 2354 1006 2404 et
1032 2341 1151 2405 ratione
1174 2363 1297 2428 proces-

349 2449 430 2508 sum.
474 2443 571 2507 Ratio
587 2465 660 2506 vero
676 2443 706 2507 in
723 2444 772 2508 his
788 2457 913 2510 tantum
929 2445 1088 2510 defectum
1112 2447 1245 2532 patitur,
1262 2463 1298 2510 ut

349 2564 414 2629 quo
438 2567 470 2606 se
493 2555 605 2624 vertat,
621 2543 699 2630 quid
719 2543 858 2629 judicet,
873 2544 1064 2631 plerumque
1086 2545 1214 2610 omnino
1236 2569 1298 2610 non

346 2644 473 2710 habeat.
511 2642 747 2732 Quodquidem
761 2669 861 2731 quum
872 2644 1055 2732 frequenter
1064 2646 1200 2725 eveniat,
1209 2647 1297 2711 facil·

347 2746 421 2811 lime
440 2771 480 2811 ex
504 2746 613 2834 paucis
636 2746 806 2833 colligitur.
855 2746 1003 2813 Solicitus
1027 2747 1169 2833 quidam,
1184 2772 1297 2814 nomen

346 2847 462 2914 etenim
487 2873 506 2912 a
529 2848 679 2913 memoria
703 2848 834 2930 excidit,
849 2851 907 2915 etsi
932 2850 1121 2915 narrationis
1136 2865 1297 2917 auctorem

346 2973 497 3036 magnum
525 2963 647 3016 teneam
674 2950 901 3036 Augustinum,
928 2951 959 3015 in
987 2975 1020 3015 re
1046 2952 1146 3017 dubia
1171 2976 1295 3018 sensum

346 3053 477 3119 alterius
491 3053 544 3118 cui
560 3075 625 3116 rem
642 3067 774 3117 noverat
789 3075 856 3116 esse
871 3066 991 3128 notam,
1007 3076 1123 3139 magna
1145 3054 1297 3120 instantia

347 3157 405 3221 sibi
429 3155 612 3244 postulabat
639 3155 766 3239 exponi.
822 3155 930 3232 Quum
957 3178 1032 3218 vero
1053 3155 1133 3220 alter
1162 3157 1298 3242 petentis

346 3258 540 3324 desiderium
562 3256 826 3344 promissionibus
849 3257 1068 3341 protraxisset,
1084 3270 1115 3322 et
1141 3258 1236 3322 unius
1250 3259 1297 3322 in·

348 3361 464 3424 stantia
493 3359 700 3424 deluderetur
735 3358 908 3423 calliditate
938 3359 1080 3440 alterius,
1108 3359 1223 3425 accidit
1262 3372 1297 3425 ut

347 3460 456 3525 eadem
473 3470 564 3523 nocte
579 3461 700 3544 pariter
715 3460 919 3536 somniarent,
930 3461 1011 3525 alter
1026 3461 1113 3547 quod
1128 3483 1194 3525 rem
1210 3485 1298 3548 quae-

347 3561 439 3626 sitam
466 3562 585 3646 petenti
616 3574 798 3645 exponeret,
825 3560 905 3625 alter
935 3561 1022 3647 quod
1050 3563 1078 3626 ei
1108 3586 1127 3626 a
1156 3562 1297 3628 doctiore

346 3661 819 3748 diligentissimeexponeretur.
858 3666 1056 3750 Factumque
1071 3677 1130 3743 est,
1143 3677 1179 3730 ut
1195 3687 1295 3751 quum

347 3763 462 3828 umbra
484 3762 600 3849 quietis
614 3777 823 3842 evanesceret,
840 3788 871 3828 se
887 3767 1055 3831 miraretur
1070 3766 1123 3830 ille
1137 3767 1178 3831 ad
1202 3767 1299 3831 scien-

348 3867 436 3940 tiam,
464 3888 558 3952 quam
585 3866 640 3929 diu
671 3868 852 3954 quaesierat,
877 3867 942 3931 sine
968 3867 1107 3954 doctoris
1135 3870 1298 3948 beneficio,

347 3967 501 4053 nulloque
514 3968 563 4031 sui
575 3969 725 4033 exercitio
739 3969 924 4056 pervenisse.
959 3970 1085 4035 Deinde
1100 3995 1200 4058 quum
1212 3995 1298 4037 more

348 4071 441 4136 solito
456 4070 542 4156 apud
558 4070 730 4134 doctiorem
754 4084 876 4156 ageret,
893 4085 930 4137 ut
946 4073 1006 4138 sibi
1028 4076 1220 4159 promissum
1240 4075 1300 4140 sol-

348 4186 487 4250 veretur,
506 4173 586 4260 jam,
600 4173 706 4260 inquit
723 4173 858 4253 doctior,
872 4173 992 4239 factum
1009 4176 1160 4262 estquod
1179 4178 1298 4263 petisti,

348 4301 448 4363 quum
471 4299 508 4340 ea
523 4288 613 4340 necte
629 4289 666 4341 ut
690 4275 835 4340 docerem
860 4280 1053 4342 accesserim.
1100 4278 1181 4355 Quis
1202 4276 1296 4362 hujus
