<?xml version="1.0" encoding="UTF-8"?>
<!DOCTYPE html PUBLIC "-//W3C//DTD XHTML 1.0 Transitional//EN"
    "http://www.w3.org/TR/xhtml1/DTD/xhtml1-transitional.dtd">
<html xmlns="http://www.w3.org/1999/xhtml" xml:lang="en" lang="en">
 <head>
  <title>
</title>
<meta http-equiv="Content-Type" content="text/html;charset=utf-8" />
  <meta name='ocr-system' content='tesseract 3.04.00' />
  <meta name='ocr-capabilities' content='ocr_page ocr_carea ocr_par ocr_line ocrx_word'/>
</head>
<body>
  <div class='ocr_page' id='page_1' title='image "./joannissaresber04johngoog_0103.png"; bbox 0 0 3309 5309; ppageno 0'>
   <div class='ocr_carea' id='block_1_1' title="bbox 444 641 2351 720">
    <p class='ocr_par' dir='ltr' id='par_1_1' title="bbox 444 641 2351 720">
     <span class='ocr_line' id='line_1_1' title="bbox 444 641 2351 720; baseline 0.002 -16"><span class='ocrx_word' id='word_1_1' title='bbox 444 659 586 704; x_wconf 66' lang='lat' dir='ltr'>cst.</span> <span class='ocrx_word' id='word_1_2' title='bbox 619 641 789 720; x_wconf 56' lang='lat' dir='ltr'><strong>xvh]</strong></span> <span class='ocrx_word' id='word_1_3' title='bbox 1126 657 1634 704; x_wconf 71' lang='lat' dir='ltr'>Pomcm&#39;ncus.</span> <span class='ocrx_word' id='word_1_4' title='bbox 2268 648 2351 707; x_wconf 84' lang='grc'>87</span> 
     </span>
    </p>
   </div>
   <div class='ocr_carea' id='block_1_2' title="bbox 435 808 2349 1303">
    <p class='ocr_par' dir='ltr' id='par_1_2' title="bbox 435 808 2349 1303">
     <span class='ocr_line' id='line_1_2' title="bbox 439 808 2343 896; baseline 0.001 -23"><span class='ocrx_word' id='word_1_5' title='bbox 439 811 796 890; x_wconf 88' lang='lat' dir='ltr'>victoriam,</span> <span class='ocrx_word' id='word_1_6' title='bbox 854 830 1122 894; x_wconf 88' lang='lat' dir='ltr'>regnum</span> <span class='ocrx_word' id='word_1_7' title='bbox 1183 820 1249 873; x_wconf 87' lang='lat' dir='ltr'>et</span> <span class='ocrx_word' id='word_1_8' title='bbox 1303 809 1647 894; x_wconf 89' lang='lat' dir='ltr'>imperium</span> <span class='ocrx_word' id='word_1_9' title='bbox 1710 808 1950 876; x_wconf 83' lang='lat' dir='ltr'>Christi</span> <span class='ocrx_word' id='word_1_10' title='bbox 2010 833 2144 875; x_wconf 79' lang='lat' dir='ltr'>esse</span> <span class='ocrx_word' id='word_1_11' title='bbox 2200 833 2343 896; x_wconf 90' lang='lat' dir='ltr'>per-</span> 
     </span>
     <span class='ocr_line' id='line_1_3' title="bbox 444 909 2345 997; baseline 0.001 -22"><span class='ocrx_word' id='word_1_12' title='bbox 444 912 679 976; x_wconf 84' lang='lat' dir='ltr'><strong>sonuit.</strong></span> <span class='ocrx_word' id='word_1_13' title='bbox 747 915 982 976; x_wconf 87' lang='lat' dir='ltr'>Verum</span> <span class='ocrx_word' id='word_1_14' title='bbox 1015 911 1171 997; x_wconf 89' lang='lat' dir='ltr'>quia</span> <span class='ocrx_word' id='word_1_15' title='bbox 1192 909 1341 975; x_wconf 83' lang='lat' dir='ltr'>duoe</span> <span class='ocrx_word' id='word_1_16' title='bbox 1359 909 1581 996; x_wconf 87' lang='lat' dir='ltr'>primae</span> <span class='ocrx_word' id='word_1_17' title='bbox 1612 909 1848 995; x_wconf 87' lang='lat' dir='ltr'>species</span> <span class='ocrx_word' id='word_1_18' title='bbox 1879 913 2138 976; x_wconf 91' lang='lat' dir='ltr'>omnino</span> <span class='ocrx_word' id='word_1_19' title='bbox 2166 933 2345 977; x_wconf 82' lang='lat' dir='ltr'>vanoe</span> 
     </span>
     <span class='ocr_line' id='line_1_4' title="bbox 438 1012 2349 1099; baseline 0.001 -21"><span class='ocrx_word' id='word_1_20' title='bbox 438 1026 612 1088; x_wconf 87' lang='lat' dir='ltr'>sunt,</span> <span class='ocrx_word' id='word_1_21' title='bbox 637 1024 701 1078; x_wconf 89' lang='lat' dir='ltr'>et</span> <span class='ocrx_word' id='word_1_22' title='bbox 728 1016 793 1077; x_wconf 91' lang='lat' dir='ltr'>in</span> <span class='ocrx_word' id='word_1_23' title='bbox 825 1013 1160 1099; x_wconf 84' lang='lat' dir='ltr'><strong>postremis</strong></span> <span class='ocrx_word' id='word_1_24' title='bbox 1193 1013 1372 1098; x_wconf 82' lang='lat' dir='ltr'><strong>quasi</strong></span> <span class='ocrx_word' id='word_1_25' title='bbox 1393 1012 1624 1077; x_wconf 85' lang='lat' dir='ltr'>visibili</span> <span class='ocrx_word' id='word_1_26' title='bbox 1658 1012 1863 1099; x_wconf 90' lang='lat' dir='ltr'>specie</span> <span class='ocrx_word' id='word_1_27' title='bbox 1888 1014 2121 1079; x_wconf 86' lang='lat' dir='ltr'>veritas</span> <span class='ocrx_word' id='word_1_28' title='bbox 2150 1017 2349 1080; x_wconf 92' lang='lat' dir='ltr'>menti</span> 
     </span>
     <span class='ocr_line' id='line_1_5' title="bbox 435 1114 2344 1201; baseline 0 -22"><span class='ocrx_word' id='word_1_29' title='bbox 435 1118 739 1192; x_wconf 89' lang='lat' dir='ltr'>occurrit,</span> <span class='ocrx_word' id='word_1_30' title='bbox 769 1114 1067 1191; x_wconf 90' lang='lat' dir='ltr'>mediam,</span> <span class='ocrx_word' id='word_1_31' title='bbox 1100 1137 1244 1200; x_wconf 84' lang='lat' dir='ltr'>quae</span> <span class='ocrx_word' id='word_1_32' title='bbox 1285 1114 1534 1200; x_wconf 84' lang='lat' dir='ltr'>corpori</span> <span class='ocrx_word' id='word_1_33' title='bbox 1575 1114 1861 1180; x_wconf 88' lang='lat' dir='ltr'>veritatis</span> <span class='ocrx_word' id='word_1_34' title='bbox 1900 1115 2085 1201; x_wconf 80' lang='lat' dir='ltr'>quasi</span> <span class='ocrx_word' id='word_1_35' title='bbox 2130 1115 2344 1180; x_wconf 85' lang='lat' dir='ltr'>velum</span> 
     </span>
     <span class='ocr_line' id='line_1_6' title="bbox 443 1215 1993 1303; baseline 0.001 -22"><span class='ocrx_word' id='word_1_36' title='bbox 443 1217 797 1303; x_wconf 79' lang='lat' dir='ltr'>figurarum</span> <span class='ocrx_word' id='word_1_37' title='bbox 828 1215 1163 1303; x_wconf 78' lang='lat' dir='ltr'>oppandit,</span> <span class='ocrx_word' id='word_1_38' title='bbox 1194 1215 1566 1300; x_wconf 85' lang='lat' dir='ltr'>diligentius</span> <span class='ocrx_word' id='word_1_39' title='bbox 1594 1219 1993 1302; x_wconf 83' lang='lat' dir='ltr'>exequimur.</span> 
     </span>
    </p>
   </div>
   <div class='ocr_carea' id='block_1_3' title="bbox 444 1443 2355 1630">
    <p class='ocr_par' dir='ltr' id='par_1_3' title="bbox 444 1443 2355 1630">
     <span class='ocr_line' id='line_1_7' title="bbox 444 1443 2355 1530; baseline -0.001 -22"><span class='ocrx_word' id='word_1_40' title='bbox 444 1446 612 1530; x_wconf 89' lang='lat' dir='ltr'>Cap.</span> <span class='ocrx_word' id='word_1_41' title='bbox 653 1443 749 1508; x_wconf 88' lang='lat'>16.</span> <span class='ocrx_word' id='word_1_42' title='bbox 801 1445 1140 1508; x_wconf 78' lang='lat' dir='ltr'>Generalia</span> <span class='ocrx_word' id='word_1_43' title='bbox 1163 1445 1460 1525; x_wconf 81' lang='lat' dir='ltr'>quaedam</span> <span class='ocrx_word' id='word_1_44' title='bbox 1490 1445 1568 1507; x_wconf 78' lang='lat' dir='ltr'>de</span> <span class='ocrx_word' id='word_1_45' title='bbox 1593 1444 2196 1528; x_wconf 51' lang='lat' dir='ltr'>significationibus,</span> <span class='ocrx_word' id='word_1_46' title='bbox 2223 1455 2355 1509; x_wconf 78' lang='lat' dir='ltr'>tam</span> 
     </span>
     <span class='ocr_line' id='line_1_8' title="bbox 709 1546 2085 1630; baseline 0 -21"><span class='ocrx_word' id='word_1_47' title='bbox 709 1549 1120 1623; x_wconf 78' lang='lat' dir='ltr'>somniorum,</span> <span class='ocrx_word' id='word_1_48' title='bbox 1149 1566 1346 1627; x_wconf 78' lang='lat' dir='ltr'>quam</span> <span class='ocrx_word' id='word_1_49' title='bbox 1373 1546 1656 1608; x_wconf 73' lang='lat' dir='ltr'>aliorum</span> <span class='ocrx_word' id='word_1_50' title='bbox 1664 1548 2085 1630; x_wconf 78' lang='lat' dir='ltr'>figuralium.</span> 
     </span>
    </p>
   </div>
   <div class='ocr_carea' id='block_1_4' title="bbox 451 1707 2388 4338">
    <p class='ocr_par' dir='ltr' id='par_1_4' title="bbox 451 1707 2388 4338">
     <span class='ocr_line' id='line_1_9' title="bbox 542 1707 2357 1795; baseline -0.001 -21"><span class='ocrx_word' id='word_1_51' title='bbox 542 1712 684 1775; x_wconf 84' lang='lat' dir='ltr'>Es‘r</span> <span class='ocrx_word' id='word_1_52' title='bbox 731 1710 954 1795; x_wconf 88' lang='lat' dir='ltr'>itaque</span> <span class='ocrx_word' id='word_1_53' title='bbox 999 1721 1127 1773; x_wconf 91' lang='lat' dir='ltr'>tam</span> <span class='ocrx_word' id='word_1_54' title='bbox 1175 1707 1252 1771; x_wconf 90' lang='lat' dir='ltr'>ad</span> <span class='ocrx_word' id='word_1_55' title='bbox 1302 1707 1888 1794; x_wconf 82' lang='lat' dir='ltr'>interpretationem</span> <span class='ocrx_word' id='word_1_56' title='bbox 1945 1709 2357 1788; x_wconf 89' lang='lat' dir='ltr'>somniorum,</span> 
     </span>
     <span class='ocr_line' id='line_1_10' title="bbox 451 1809 2359 1895; baseline 0 -19"><span class='ocrx_word' id='word_1_57' title='bbox 451 1834 650 1894; x_wconf 86' lang='lat' dir='ltr'>quam</span> <span class='ocrx_word' id='word_1_58' title='bbox 728 1810 810 1874; x_wconf 90' lang='lat' dir='ltr'>ad</span> <span class='ocrx_word' id='word_1_59' title='bbox 882 1809 1325 1875; x_wconf 83' lang='lat' dir='ltr'>revelationem</span> <span class='ocrx_word' id='word_1_60' title='bbox 1385 1810 1800 1895; x_wconf 66' lang='lat' dir='ltr'>aenigmatum</span> <span class='ocrx_word' id='word_1_61' title='bbox 1858 1823 1922 1874; x_wconf 92' lang='lat' dir='ltr'>et</span> <span class='ocrx_word' id='word_1_62' title='bbox 1982 1809 2359 1895; x_wconf 85' lang='lat' dir='ltr'>figurarum,</span> 
     </span>
     <span class='ocr_line' id='line_1_11' title="bbox 452 1911 2363 1999; baseline -0.001 -21"><span class='ocrx_word' id='word_1_63' title='bbox 452 1914 739 1979; x_wconf 83' lang='lat' dir='ltr'>sollerter</span> <span class='ocrx_word' id='word_1_64' title='bbox 795 1911 1183 1977; x_wconf 89' lang='lat' dir='ltr'>attendenda</span> <span class='ocrx_word' id='word_1_65' title='bbox 1241 1934 1450 1975; x_wconf 86' lang='lat' dir='ltr'>rerum</span> <span class='ocrx_word' id='word_1_66' title='bbox 1517 1912 1918 1996; x_wconf 87' lang='lat' dir='ltr'>significatio,</span> <span class='ocrx_word' id='word_1_67' title='bbox 1974 1936 2123 1999; x_wconf 85' lang='lat' dir='ltr'>quae</span> <span class='ocrx_word' id='word_1_68' title='bbox 2185 1925 2363 1978; x_wconf 85' lang='lat' dir='ltr'>tanto</span> 
     </span>
     <span class='ocr_line' id='line_1_12' title="bbox 454 2014 2361 2101; baseline -0.001 -21"><span class='ocrx_word' id='word_1_69' title='bbox 454 2014 863 2101; x_wconf 87' lang='lat' dir='ltr'>multiplicior</span> <span class='ocrx_word' id='word_1_70' title='bbox 914 2026 1007 2079; x_wconf 92' lang='lat' dir='ltr'>est</span> <span class='ocrx_word' id='word_1_71' title='bbox 1063 2036 1256 2099; x_wconf 90' lang='lat' dir='ltr'>quam</span> <span class='ocrx_word' id='word_1_72' title='bbox 1311 2036 1568 2088; x_wconf 89' lang='lat' dir='ltr'>vocum,</span> <span class='ocrx_word' id='word_1_73' title='bbox 1620 2027 1865 2099; x_wconf 86' lang='lat' dir='ltr'>quanto</span> <span class='ocrx_word' id='word_1_74' title='bbox 1922 2015 2006 2079; x_wconf 93' lang='lat' dir='ltr'>ab</span> <span class='ocrx_word' id='word_1_75' title='bbox 2059 2014 2361 2101; x_wconf 81' lang='lat' dir='ltr'>operibus</span> 
     </span>
     <span class='ocr_line' id='line_1_13' title="bbox 456 2116 2357 2204; baseline -0.001 -22"><span class='ocrx_word' id='word_1_76' title='bbox 456 2131 729 2195; x_wconf 87' lang='lat' dir='ltr'>naturae,</span> <span class='ocrx_word' id='word_1_77' title='bbox 762 2140 956 2204; x_wconf 86' lang='lat' dir='ltr'>opera</span> <span class='ocrx_word' id='word_1_78' title='bbox 999 2116 1343 2181; x_wconf 89' lang='lat' dir='ltr'>vincuntur</span> <span class='ocrx_word' id='word_1_79' title='bbox 1386 2116 1647 2180; x_wconf 86' lang='lat' dir='ltr'>artificis</span> <span class='ocrx_word' id='word_1_80' title='bbox 1693 2116 2000 2182; x_wconf 91' lang='lat' dir='ltr'>imitantis</span> <span class='ocrx_word' id='word_1_81' title='bbox 2044 2130 2357 2182; x_wconf 89' lang='lat' dir='ltr'>naturam.</span> 
     </span>
     <span class='ocr_line' id='line_1_14' title="bbox 464 2217 2363 2305; baseline 0 -23"><span class='ocrx_word' id='word_1_82' title='bbox 464 2219 530 2282; x_wconf 87' lang='lat' dir='ltr'>Si</span> <span class='ocrx_word' id='word_1_83' title='bbox 576 2217 721 2303; x_wconf 87' lang='lat' dir='ltr'>quis</span> <span class='ocrx_word' id='word_1_84' title='bbox 765 2220 930 2282; x_wconf 90' lang='lat' dir='ltr'>enim</span> <span class='ocrx_word' id='word_1_85' title='bbox 966 2239 1169 2280; x_wconf 90' lang='lat' dir='ltr'>sermo</span> <span class='ocrx_word' id='word_1_86' title='bbox 1214 2229 1343 2281; x_wconf 90' lang='lat' dir='ltr'>tres</span> <span class='ocrx_word' id='word_1_87' title='bbox 1386 2228 1498 2281; x_wconf 89' lang='lat' dir='ltr'>aut</span> <span class='ocrx_word' id='word_1_88' title='bbox 1545 2230 1828 2302; x_wconf 90' lang='lat' dir='ltr'>quatuor</span> <span class='ocrx_word' id='word_1_89' title='bbox 1876 2218 2071 2284; x_wconf 92' lang='lat' dir='ltr'>habet</span> <span class='ocrx_word' id='word_1_90' title='bbox 2125 2218 2363 2305; x_wconf 86' lang='lat' dir='ltr'>signifi-</span> 
     </span>
     <span class='ocr_line' id='line_1_15' title="bbox 456 2316 2363 2406; baseline -0.001 -22"><span class='ocrx_word' id='word_1_91' title='bbox 456 2320 757 2397; x_wconf 84' lang='lat' dir='ltr'>cationes,</span> <span class='ocrx_word' id='word_1_92' title='bbox 805 2319 1021 2383; x_wconf 88' lang='lat' dir='ltr'>statim</span> <span class='ocrx_word' id='word_1_93' title='bbox 1057 2316 1379 2401; x_wconf 78' lang='grc' dir='ltr'><strong><em>πολύσημος</em></strong></span> <span class='ocrx_word' id='word_1_94' title='bbox 1423 2329 1540 2398; x_wconf 90' lang='lat' dir='ltr'>est,</span> <span class='ocrx_word' id='word_1_95' title='bbox 1570 2317 1637 2381; x_wconf 92' lang='lat' dir='ltr'>id</span> <span class='ocrx_word' id='word_1_96' title='bbox 1684 2331 1807 2396; x_wconf 91' lang='lat' dir='ltr'>est,</span> <span class='ocrx_word' id='word_1_97' title='bbox 1851 2320 2194 2386; x_wconf 89' lang='lat' dir='ltr'>multarum</span> <span class='ocrx_word' id='word_1_98' title='bbox 2239 2319 2363 2406; x_wconf 88' lang='lat' dir='ltr'>sig-</span> 
     </span>
     <span class='ocr_line' id='line_1_16' title="bbox 459 2421 2360 2506; baseline 0 -20"><span class='ocrx_word' id='word_1_99' title='bbox 459 2421 912 2486; x_wconf 87' lang='lat' dir='ltr'>nificationum.</span> <span class='ocrx_word' id='word_1_100' title='bbox 1004 2421 1228 2484; x_wconf 88' lang='lat' dir='ltr'>Omnis</span> <span class='ocrx_word' id='word_1_101' title='bbox 1271 2441 1420 2483; x_wconf 90' lang='lat' dir='ltr'>vero</span> <span class='ocrx_word' id='word_1_102' title='bbox 1470 2442 1593 2502; x_wconf 76' lang='lat' dir='ltr'>reS,</span> <span class='ocrx_word' id='word_1_103' title='bbox 1637 2432 1797 2506; x_wconf 84' lang='lat' dir='ltr'>quot</span> <span class='ocrx_word' id='word_1_104' title='bbox 1846 2421 2039 2487; x_wconf 89' lang='lat' dir='ltr'>habet</span> <span class='ocrx_word' id='word_1_105' title='bbox 2091 2421 2360 2486; x_wconf 87' lang='lat' dir='ltr'>aliarum</span> 
     </span>
     <span class='ocr_line' id='line_1_17' title="bbox 456 2520 2366 2606; baseline 0 -18"><span class='ocrx_word' id='word_1_106' title='bbox 456 2523 929 2598; x_wconf 81' lang='lat' dir='ltr'>similitudines,</span> <span class='ocrx_word' id='word_1_107' title='bbox 962 2534 1056 2586; x_wconf 87' lang='lat' dir='ltr'>tot</span> <span class='ocrx_word' id='word_1_108' title='bbox 1096 2521 1261 2606; x_wconf 88' lang='lat' dir='ltr'>gerit</span> <span class='ocrx_word' id='word_1_109' title='bbox 1289 2520 1634 2586; x_wconf 89' lang='lat' dir='ltr'>earundem</span> <span class='ocrx_word' id='word_1_110' title='bbox 1684 2522 2210 2606; x_wconf 85' lang='lat' dir='ltr'>significationes;</span> <span class='ocrx_word' id='word_1_111' title='bbox 2274 2522 2366 2588; x_wconf 89' lang='lat' dir='ltr'>ita</span> 
     </span>
     <span class='ocr_line' id='line_1_18' title="bbox 460 2622 2367 2710; baseline -0.001 -20"><span class='ocrx_word' id='word_1_112' title='bbox 460 2640 694 2704; x_wconf 88' lang='lat' dir='ltr'>tamen,</span> <span class='ocrx_word' id='word_1_113' title='bbox 726 2633 799 2689; x_wconf 84' lang='lat' dir='ltr'>ut</span> <span class='ocrx_word' id='word_1_114' title='bbox 826 2626 1027 2710; x_wconf 89' lang='lat' dir='ltr'>major</span> <span class='ocrx_word' id='word_1_115' title='bbox 1056 2645 1383 2709; x_wconf 87' lang='lat' dir='ltr'>nunquam</span> <span class='ocrx_word' id='word_1_116' title='bbox 1418 2622 1679 2686; x_wconf 89' lang='lat' dir='ltr'>minoris</span> <span class='ocrx_word' id='word_1_117' title='bbox 1709 2623 1787 2687; x_wconf 90' lang='lat' dir='ltr'>sit</span> <span class='ocrx_word' id='word_1_118' title='bbox 1820 2624 2092 2708; x_wconf 86' lang='lat' dir='ltr'>signum.</span> <span class='ocrx_word' id='word_1_119' title='bbox 2170 2626 2367 2709; x_wconf 89' lang='lat' dir='ltr'>Signa</span> 
     </span>
     <span class='ocr_line' id='line_1_19' title="bbox 461 2724 2368 2814; baseline -0.001 -23"><span class='ocrx_word' id='word_1_120' title='bbox 461 2727 777 2814; x_wconf 89' lang='lat' dir='ltr'>siquidem</span> <span class='ocrx_word' id='word_1_121' title='bbox 821 2748 1067 2813; x_wconf 88' lang='lat' dir='ltr'>semper</span> <span class='ocrx_word' id='word_1_122' title='bbox 1106 2725 1349 2789; x_wconf 88' lang='lat' dir='ltr'>minora</span> <span class='ocrx_word' id='word_1_123' title='bbox 1392 2737 1562 2788; x_wconf 88' lang='lat' dir='ltr'>sunt.</span> <span class='ocrx_word' id='word_1_124' title='bbox 1641 2724 1805 2788; x_wconf 89' lang='lat' dir='ltr'>Inde</span> <span class='ocrx_word' id='word_1_125' title='bbox 1836 2738 1928 2788; x_wconf 90' lang='lat' dir='ltr'>est</span> <span class='ocrx_word' id='word_1_126' title='bbox 1961 2726 2136 2811; x_wconf 92' lang='lat' dir='ltr'>quod</span> <span class='ocrx_word' id='word_1_127' title='bbox 2168 2725 2368 2789; x_wconf 89' lang='lat' dir='ltr'>homi-</span> 
     </span>
     <span class='ocr_line' id='line_1_20' title="bbox 458 2826 2368 2915; baseline -0.001 -19"><span class='ocrx_word' id='word_1_128' title='bbox 458 2854 606 2896; x_wconf 87' lang='lat' dir='ltr'>nem</span> <span class='ocrx_word' id='word_1_129' title='bbox 637 2827 993 2895; x_wconf 85' lang='lat' dir='ltr'>substantia</span> <span class='ocrx_word' id='word_1_130' title='bbox 1020 2826 1260 2915; x_wconf 84' lang='lat' dir='ltr'>quaevis</span> <span class='ocrx_word' id='word_1_131' title='bbox 1291 2826 1621 2910; x_wconf 88' lang='lat' dir='ltr'>significat,</span> <span class='ocrx_word' id='word_1_132' title='bbox 1655 2839 1876 2914; x_wconf 89' lang='lat' dir='ltr'>utpote</span> <span class='ocrx_word' id='word_1_133' title='bbox 1919 2827 2165 2914; x_wconf 89' lang='lat' dir='ltr'>aliquid</span> <span class='ocrx_word' id='word_1_134' title='bbox 2196 2853 2368 2895; x_wconf 90' lang='lat' dir='ltr'>com-</span> 
     </span>
     <span class='ocr_line' id='line_1_21' title="bbox 457 2928 2370 3015; baseline -0.001 -18"><span class='ocrx_word' id='word_1_135' title='bbox 457 2956 652 2997; x_wconf 90' lang='lat' dir='ltr'>mune</span> <span class='ocrx_word' id='word_1_136' title='bbox 710 2954 856 2996; x_wconf 91' lang='lat' dir='ltr'>cum</span> <span class='ocrx_word' id='word_1_137' title='bbox 908 2929 1204 2994; x_wconf 87' lang='lat' dir='ltr'>omnibus</span> <span class='ocrx_word' id='word_1_138' title='bbox 1260 2929 1620 3009; x_wconf 88' lang='lat' dir='ltr'>habentem,</span> <span class='ocrx_word' id='word_1_139' title='bbox 1679 2928 1853 3014; x_wconf 92' lang='lat' dir='ltr'>quod</span> <span class='ocrx_word' id='word_1_140' title='bbox 1914 2944 1977 2994; x_wconf 92' lang='lat' dir='ltr'>et</span> <span class='ocrx_word' id='word_1_141' title='bbox 2036 2930 2099 2993; x_wconf 92' lang='lat' dir='ltr'>in</span> <span class='ocrx_word' id='word_1_142' title='bbox 2160 2931 2370 3015; x_wconf 80' lang='lat' dir='ltr'>figura</span> 
     </span>
     <span class='ocr_line' id='line_1_22' title="bbox 458 3025 2368 3117; baseline -0.002 -21"><span class='ocrx_word' id='word_1_143' title='bbox 458 3029 787 3117; x_wconf 87' lang='lat' dir='ltr'>reptilium</span> <span class='ocrx_word' id='word_1_144' title='bbox 848 3029 1046 3104; x_wconf 88' lang='lat' dir='ltr'>Petri,</span> <span class='ocrx_word' id='word_1_145' title='bbox 1103 3043 1169 3092; x_wconf 85' lang='lat' dir='ltr'>et</span> <span class='ocrx_word' id='word_1_146' title='bbox 1221 3026 1284 3089; x_wconf 90' lang='lat' dir='ltr'>in</span> <span class='ocrx_word' id='word_1_147' title='bbox 1347 3026 1640 3111; x_wconf 90' lang='lat' dir='ltr'>pluribus</span> <span class='ocrx_word' id='word_1_148' title='bbox 1698 3025 1854 3090; x_wconf 91' lang='lat' dir='ltr'>locis</span> <span class='ocrx_word' id='word_1_149' title='bbox 1906 3027 2368 3114; x_wconf 86' lang='lat' dir='ltr'>scripturarum</span> 
     </span>
     <span class='ocr_line' id='line_1_23' title="bbox 456 3127 2371 3215; baseline -0.002 -20"><span class='ocrx_word' id='word_1_150' title='bbox 456 3129 872 3197; x_wconf 85' lang='lat' dir='ltr'>manifestum</span> <span class='ocrx_word' id='word_1_151' title='bbox 931 3138 1044 3190; x_wconf 90' lang='lat' dir='ltr'>est.</span> <span class='ocrx_word' id='word_1_152' title='bbox 1135 3129 1354 3204; x_wconf 88' lang='lat' dir='ltr'>Porr0,</span> <span class='ocrx_word' id='word_1_153' title='bbox 1409 3150 1538 3212; x_wconf 90' lang='lat' dir='ltr'>quo</span> <span class='ocrx_word' id='word_1_154' title='bbox 1590 3127 1943 3191; x_wconf 86' lang='lat' dir='ltr'>similitudo</span> <span class='ocrx_word' id='word_1_155' title='bbox 1996 3129 2371 3215; x_wconf 85' lang='lat' dir='ltr'>expressior,</span> 
     </span>
     <span class='ocr_line' id='line_1_24' title="bbox 454 3226 2372 3317; baseline -0.001 -21"><span class='ocrx_word' id='word_1_156' title='bbox 454 3257 537 3300; x_wconf 84' lang='lat' dir='ltr'>eo</span> <span class='ocrx_word' id='word_1_157' title='bbox 567 3229 772 3317; x_wconf 86' lang='lat' dir='ltr'>magis</span> <span class='ocrx_word' id='word_1_158' title='bbox 798 3237 1069 3313; x_wconf 85' lang='lat' dir='ltr'>cognata</span> <span class='ocrx_word' id='word_1_159' title='bbox 1095 3238 1161 3291; x_wconf 90' lang='lat' dir='ltr'>et</span> <span class='ocrx_word' id='word_1_160' title='bbox 1190 3226 1560 3291; x_wconf 86' lang='lat' dir='ltr'>familiarior</span> <span class='ocrx_word' id='word_1_161' title='bbox 1590 3241 1689 3292; x_wconf 85' lang='lat' dir='ltr'>est</span> <span class='ocrx_word' id='word_1_162' title='bbox 1720 3228 2118 3312; x_wconf 78' lang='lat' dir='ltr'>significatiO.</span> <span class='ocrx_word' id='word_1_163' title='bbox 2189 3230 2372 3294; x_wconf 90' lang='lat' dir='ltr'>Simi-</span> 
     </span>
     <span class='ocr_line' id='line_1_25' title="bbox 461 3328 2374 3418; baseline -0.002 -17"><span class='ocrx_word' id='word_1_164' title='bbox 461 3333 676 3401; x_wconf 90' lang='lat' dir='ltr'>litudo</span> <span class='ocrx_word' id='word_1_165' title='bbox 716 3353 865 3394; x_wconf 85' lang='lat' dir='ltr'>vero</span> <span class='ocrx_word' id='word_1_166' title='bbox 903 3342 1015 3395; x_wconf 87' lang='lat' dir='ltr'>aut</span> <span class='ocrx_word' id='word_1_167' title='bbox 1061 3328 1494 3393; x_wconf 88' lang='lat' dir='ltr'>substantialis</span> <span class='ocrx_word' id='word_1_168' title='bbox 1535 3342 1651 3407; x_wconf 88' lang='lat' dir='ltr'>est,</span> <span class='ocrx_word' id='word_1_169' title='bbox 1698 3344 1767 3394; x_wconf 92' lang='lat' dir='ltr'>ut</span> <span class='ocrx_word' id='word_1_170' title='bbox 1812 3353 1961 3417; x_wconf 85' lang='lat' dir='ltr'>quae</span> <span class='ocrx_word' id='word_1_171' title='bbox 2001 3355 2081 3396; x_wconf 86' lang='lat' dir='ltr'>ex</span> <span class='ocrx_word' id='word_1_172' title='bbox 2122 3353 2374 3418; x_wconf 87' lang='lat' dir='ltr'>genere,</span> 
     </span>
     <span class='ocr_line' id='line_1_26' title="bbox 465 3429 2377 3520; baseline -0.001 -18"><span class='ocrx_word' id='word_1_173' title='bbox 465 3448 582 3501; x_wconf 89' lang='lat' dir='ltr'>aut</span> <span class='ocrx_word' id='word_1_174' title='bbox 627 3433 866 3520; x_wconf 89' lang='lat' dir='ltr'>specie:</span> <span class='ocrx_word' id='word_1_175' title='bbox 937 3443 1052 3496; x_wconf 90' lang='lat' dir='ltr'>aut</span> <span class='ocrx_word' id='word_1_176' title='bbox 1094 3429 1524 3511; x_wconf 78' lang='lat' dir='ltr'>accidentaliS,</span> <span class='ocrx_word' id='word_1_177' title='bbox 1551 3443 1664 3496; x_wconf 92' lang='lat' dir='ltr'>aut</span> <span class='ocrx_word' id='word_1_178' title='bbox 1708 3455 1787 3496; x_wconf 83' lang='lat' dir='ltr'>ex</span> <span class='ocrx_word' id='word_1_179' title='bbox 1834 3438 2218 3520; x_wconf 86' lang='lat' dir='ltr'>quantitate,</span> <span class='ocrx_word' id='word_1_180' title='bbox 2263 3448 2377 3502; x_wconf 89' lang='lat' dir='ltr'>aut</span> 
     </span>
     <span class='ocr_line' id='line_1_27' title="bbox 464 3532 2377 3625; baseline 0.001 -23"><span class='ocrx_word' id='word_1_181' title='bbox 464 3536 805 3625; x_wconf 87' lang='lat' dir='ltr'>qualitate,</span> <span class='ocrx_word' id='word_1_182' title='bbox 834 3545 944 3599; x_wconf 89' lang='lat' dir='ltr'>aut</span> <span class='ocrx_word' id='word_1_183' title='bbox 992 3532 1180 3597; x_wconf 90' lang='lat' dir='ltr'>variis</span> <span class='ocrx_word' id='word_1_184' title='bbox 1224 3532 1646 3599; x_wconf 90' lang='lat' dir='ltr'>accidentium</span> <span class='ocrx_word' id='word_1_185' title='bbox 1692 3534 1947 3600; x_wconf 88' lang='lat' dir='ltr'>formis:</span> <span class='ocrx_word' id='word_1_186' title='bbox 2010 3549 2123 3602; x_wconf 88' lang='lat' dir='ltr'>aut</span> <span class='ocrx_word' id='word_1_187' title='bbox 2166 3535 2377 3605; x_wconf 89' lang='lat' dir='ltr'>imita-</span> 
     </span>
     <span class='ocr_line' id='line_1_28' title="bbox 466 3634 2379 3727; baseline 0.001 -22"><span class='ocrx_word' id='word_1_188' title='bbox 466 3638 660 3706; x_wconf 90' lang='lat' dir='ltr'>tionis</span> <span class='ocrx_word' id='word_1_189' title='bbox 681 3648 800 3717; x_wconf 89' lang='lat' dir='ltr'>est,</span> <span class='ocrx_word' id='word_1_190' title='bbox 825 3648 894 3701; x_wconf 88' lang='lat' dir='ltr'>ut</span> <span class='ocrx_word' id='word_1_191' title='bbox 922 3658 1124 3721; x_wconf 89' lang='lat' dir='ltr'>quum</span> <span class='ocrx_word' id='word_1_192' title='bbox 1146 3637 1294 3722; x_wconf 84' lang='lat' dir='ltr'>quis</span> <span class='ocrx_word' id='word_1_193' title='bbox 1317 3634 1425 3700; x_wconf 89' lang='lat' dir='ltr'>alii</span> <span class='ocrx_word' id='word_1_194' title='bbox 1449 3636 1677 3723; x_wconf 88' lang='lat' dir='ltr'>quovis</span> <span class='ocrx_word' id='word_1_195' title='bbox 1701 3649 1882 3703; x_wconf 91' lang='lat' dir='ltr'>motu</span> <span class='ocrx_word' id='word_1_196' title='bbox 1901 3639 2111 3727; x_wconf 90' lang='lat' dir='ltr'>operis</span> <span class='ocrx_word' id='word_1_197' title='bbox 2129 3641 2379 3707; x_wconf 85' lang='lat' dir='ltr'>confor-</span> 
     </span>
     <span class='ocr_line' id='line_1_29' title="bbox 465 3737 2382 3827; baseline 0.004 -21"><span class='ocrx_word' id='word_1_198' title='bbox 465 3755 696 3806; x_wconf 90' lang='lat' dir='ltr'>matur.</span> <span class='ocrx_word' id='word_1_199' title='bbox 761 3739 853 3803; x_wconf 91' lang='lat' dir='ltr'>Et</span> <span class='ocrx_word' id='word_1_200' title='bbox 883 3738 1004 3802; x_wconf 92' lang='lat' dir='ltr'>hoc</span> <span class='ocrx_word' id='word_1_201' title='bbox 1033 3738 1294 3824; x_wconf 87' lang='lat' dir='ltr'>quidem</span> <span class='ocrx_word' id='word_1_202' title='bbox 1327 3737 1518 3803; x_wconf 89' lang='lat' dir='ltr'>modo</span> <span class='ocrx_word' id='word_1_203' title='bbox 1545 3751 1765 3825; x_wconf 85' lang='lat' dir='ltr'>potest</span> <span class='ocrx_word' id='word_1_204' title='bbox 1790 3740 2060 3807; x_wconf 85' lang='lat' dir='ltr'>creatori</span> <span class='ocrx_word' id='word_1_205' title='bbox 2059 3756 2382 3827; x_wconf 58' lang='lat' dir='ltr'>QQ*</span> 
     </span>
     <span class='ocr_line' id='line_1_30' title="bbox 465 3826 2383 3947; baseline -0.004 -39"><span class='ocrx_word' id='word_1_206' title='bbox 465 3867 600 3909; x_wconf 90' lang='lat' dir='ltr'>esse</span> <span class='ocrx_word' id='word_1_207' title='bbox 623 3838 987 3918; x_wconf 90' lang='lat' dir='ltr'>consimilis,</span> <span class='ocrx_word' id='word_1_208' title='bbox 1005 3862 1208 3926; x_wconf 88' lang='lat' dir='ltr'>quum</span> <span class='ocrx_word' id='word_1_209' title='bbox 1234 3852 1446 3904; x_wconf 90' lang='lat' dir='ltr'>tamen</span> <span class='ocrx_word' id='word_1_210' title='bbox 1470 3840 1650 3904; x_wconf 77' lang='lat' dir='ltr'>nullu</span> <span class='ocrx_word' id='word_1_211' title='bbox 1674 3826 2078 3912; x_wconf 68' lang='lat' dir='ltr'>substantiali</span> <span class='ocrx_word' id='word_1_212' title='bbox 2098 3864 2134 3908; x_wconf 61' lang='lat' dir='ltr'><strong>v</strong></span> <span class='ocrx_word' id='word_1_213' title='bbox 2115 3875 2173 3947; x_wconf 68' lang='grc' dir='ltr'>ε,</span> <span class='ocrx_word' id='word_1_214' title='bbox 2195 3896 2198 3900; x_wconf 94' lang='grc'><em>.</em></span> <span class='ocrx_word' id='word_1_215' title='bbox 2219 3876 2325 3935; x_wconf 68' lang='lat'>.·&#39;1*·⁴&#39;</span> <span class='ocrx_word' id='word_1_216' title='bbox 2355 3880 2383 3900; x_wconf 68' lang='lat'>.-</span> 
     </span>
     <span class='ocr_line' id='line_1_31' title="bbox 461 3937 2388 4057; baseline 0.004 -48"><span class='ocrx_word' id='word_1_217' title='bbox 461 3943 707 4009; x_wconf 86' lang='lat' dir='ltr'>dentali</span> <span class='ocrx_word' id='word_1_218' title='bbox 739 3939 1146 4057; x_wconf 85' lang='lat' dir='ltr'>participent.</span> <span class='ocrx_word' id='word_1_219' title='bbox 1210 3940 1440 4005; x_wconf 84' lang='lat' dir='ltr'>Causae</span> <span class='ocrx_word' id='word_1_220' title='bbox 1467 3962 1730 4032; x_wconf 74' lang='lat' dir='ltr'>quoque</span> <span class='ocrx_word' id='word_1_221' title='bbox 1762 3964 1919 4016; x_wconf 63' lang='grc' dir='ltr'>ιιιιιιξ</span> <span class='ocrx_word' id='word_1_222' title='bbox 1962 3955 2166 4016; x_wconf 37' lang='grc' dir='ltr'>··’,ι--ΓἾν</span> <span class='ocrx_word' id='word_1_223' title='bbox 2190 3959 2215 3992; x_wconf 77' lang='grc'>-’</span> <span class='ocrx_word' id='word_1_224' title='bbox 2259 3937 2280 3962; x_wconf 63' lang='grc'>’“</span> <span class='ocrx_word' id='word_1_225' title='bbox 2382 3960 2388 3968; x_wconf 87' lang='grc'><strong>“</strong></span> 
     </span>
     <span class='ocr_line' id='line_1_32' title="bbox 466 4039 2066 4131; baseline 0.001 -21"><span class='ocrx_word' id='word_1_226' title='bbox 466 4045 762 4124; x_wconf 85' lang='lat' dir='ltr'>effectus,</span> <span class='ocrx_word' id='word_1_227' title='bbox 785 4056 850 4108; x_wconf 91' lang='lat' dir='ltr'>et</span> <span class='ocrx_word' id='word_1_228' title='bbox 875 4043 1188 4131; x_wconf 88' lang='lat' dir='ltr'>reciproce</span> <span class='ocrx_word' id='word_1_229' title='bbox 1212 4065 1423 4121; x_wconf 84' lang='lat' dir='ltr'>causa,</span> <span class='ocrx_word' id='word_1_230' title='bbox 1448 4039 1498 4109; x_wconf 82' lang='lat' dir='ltr'>si</span> <span class='ocrx_word' id='word_1_231' title='bbox 1530 4056 1742 4112; x_wconf 71' lang='lat' dir='ltr'>tamen</span> <span class='ocrx_word' id='word_1_232' title='bbox 1766 4044 2030 4116; x_wconf 73' lang='lat' dir='ltr'>mium*</span> <span class='ocrx_word' id='word_1_233' title='bbox 2045 4061 2115 4112; x_wconf 76' lang='lat'>&#39;=···1</span> 
     </span>
     <span class='ocr_line' id='line_1_33' title="bbox 475 4143 2166 4224; baseline -0.001 -13"><span class='ocrx_word' id='word_1_234' title='bbox 475 4169 596 4211; x_wconf 86' lang='lat' dir='ltr'>suo</span> <span class='ocrx_word' id='word_1_235' title='bbox 626 4146 867 4212; x_wconf 85' lang='lat' dir='ltr'>dicitur</span> <span class='ocrx_word' id='word_1_236' title='bbox 895 4168 1027 4210; x_wconf 89' lang='lat' dir='ltr'>esse</span> <span class='ocrx_word' id='word_1_237' title='bbox 1058 4143 1416 4210; x_wconf 81' lang='lat' dir='ltr'>consimilis.</span> <span class='ocrx_word' id='word_1_238' title='bbox 1493 4148 1822 4212; x_wconf 69' lang='lat' dir='ltr'>Caeterum</span> <span class='ocrx_word' id='word_1_239' title='bbox 1862 4174 1886 4200; x_wconf 86' lang='grc'>·-·</span> <span class='ocrx_word' id='word_1_240' title='bbox 1922 4142 2036 4224; x_wconf 49' lang='lat'>„3³24</span> <span class='ocrx_word' id='word_1_241' title='bbox 2072 4153 2090 4192; x_wconf 60' lang='lat'>‘2</span> <span class='ocrx_word' id='word_1_242' title='bbox 2162 4157 2166 4160; x_wconf 76' lang='grc'><em>’</em></span> 
     </span>
     <span class='ocr_line' id='line_1_34' title="bbox 471 4240 2114 4338; baseline -0.005 -24"><span class='ocrx_word' id='word_1_243' title='bbox 471 4253 647 4315; x_wconf 88' lang='lat' dir='ltr'>sicut</span> <span class='ocrx_word' id='word_1_244' title='bbox 676 4249 846 4315; x_wconf 90' lang='lat' dir='ltr'>idem</span> <span class='ocrx_word' id='word_1_245' title='bbox 876 4245 1224 4335; x_wconf 87' lang='lat' dir='ltr'>judicium,</span> <span class='ocrx_word' id='word_1_246' title='bbox 1254 4247 1347 4312; x_wconf 88' lang='lat' dir='ltr'>ita</span> <span class='ocrx_word' id='word_1_247' title='bbox 1386 4258 1452 4312; x_wconf 91' lang='lat' dir='ltr'>et</span> <span class='ocrx_word' id='word_1_248' title='bbox 1482 4248 1702 4312; x_wconf 73' lang='lat' dir='ltr'>eadem</span> <span class='ocrx_word' id='word_1_249' title='bbox 1738 4256 1913 4316; x_wconf 62' lang='grc' dir='ltr'>ιιῠιβ</span> <span class='ocrx_word' id='word_1_250' title='bbox 1936 4240 2028 4338; x_wconf 58' lang='lat' dir='ltr'>:gf</span> <span class='ocrx_word' id='word_1_251' title='bbox 2100 4253 2114 4286; x_wconf 69' lang='grc'>·“</span> 
     </span>
    </p>
   </div>
   <div class='ocr_carea' id='block_1_5' title="bbox 1846 3844 2892 4203">
    <p class='ocr_par' dir='ltr' id='par_1_5' title="bbox 1846 3844 2892 4203">
     <span class='ocr_line' id='line_1_35' title="bbox 1942 3844 2522 4002; baseline 0 0"><span class='ocrx_word' id='word_1_252' title='bbox 1942 3844 2522 4002; x_wconf 95' lang='lat' dir='ltr'>   </span> 
     </span>
     <span class='ocr_line' id='line_1_36' title="bbox 1846 4002 2892 4203; baseline 0 0"><span class='ocrx_word' id='word_1_253' title='bbox 1846 4002 2892 4203; x_wconf 95' lang='lat' dir='ltr'>   </span> 
     </span>
    </p>
   </div>
  </div>
 </body>
</html>
