3309 5309
227 686 302 730 our.
320 668 413 749 nun]
597 686 852 734 mnrcnsrrcus.
1148 681 1187 739 51

225 836 306 901 dum
321 838 428 900 omine
443 836 573 902 meliore
592 838 732 903 faustam
753 839 886 925 agendis
908 824 1028 904 horam*
1040 843 1184 931 arripias.

226 939 344 1003 Omnia
357 962 497 1027 namque
512 954 587 1007 sunt
602 941 734 1030 aliquid.
773 945 881 1021 Quum
897 944 1096 1031 processeris,
1112 944 1185 1008 abs·

223 1040 355 1106 condita
376 1041 562 1108 futurorum
585 1066 670 1123 aves,
698 1068 778 1131 quas
799 1045 951 1110 ominales
974 1058 1099 1123 vocant,
1123 1046 1184 1111 tibi

222 1143 504 1228 praenunciabuut.
550 1148 703 1224 Quaenam
719 1147 782 1213 sint
797 1147 867 1213 istae
881 1148 964 1212 forte
980 1148 1181 1235 interrogas?

225 1246 313 1322 Quas
335 1246 453 1311 scilicet
476 1246 517 1313 de
539 1261 655 1314 natura
676 1250 841 1314 hominum
864 1250 896 1314 in
917 1250 1054 1315 formam
1073 1251 1181 1316 avium

224 1349 334 1413 Poetae
348 1363 494 1414 asserunt
509 1374 575 1415 esse
590 1374 768 1417 conversas.
805 1352 893 1427 Quid
911 1356 1019 1417 cornix
1029 1352 1183 1439 loquatur

226 1447 399 1534 diligenter
419 1454 576 1531 ausculta,
595 1457 759 1540 situmque
781 1455 852 1540 ejus
874 1453 1025 1531 sedentis,
1045 1465 1102 1519 aut
1125 1477 1181 1519 vo·

225 1549 322 1616 lautis
350 1552 440 1618 nullo
469 1555 565 1619 modo
589 1567 781 1620 contemnas.
827 1555 941 1620 Refert
968 1555 1084 1619 etenim
1111 1556 1182 1642 plu·

224 1651 353 1729 dmum,
380 1677 400 1717 a
427 1654 550 1721 dextris
579 1657 620 1722 sit
650 1681 690 1721 an
716 1681 735 1720 a
759 1657 906 1733 sinistris,
933 1678 999 1741 qua
1023 1657 1182 1742 positione

226 1753 376 1838 respiciat
393 1756 539 1823 cubitum
559 1756 746 1844 gradientis,
763 1758 884 1842 loquax
906 1758 957 1832 sit,
974 1778 1014 1820 an
1035 1755 1184 1831 clamosa,

227 1877 269 1919 an
292 1856 387 1922 silens
408 1860 547 1936 omnino,
568 1859 727 1946 praecedat
750 1883 789 1923 an
811 1871 973 1946 sequatur,
994 1858 1185 1923 transeuntis

227 1969 375 2044 expectet
398 1959 584 2043 adventum,
601 1986 641 2026 an
664 1963 789 2047 fugiat3
821 1984 924 2047 quove
946 1960 1101 2038 discedat,
1120 1981 1184 2023 non

229 2060 428 2148 negligenter
442 2065 581 2130 attende.
628 2065 685 2130 Ait
700 2088 840 2150 namque
855 2062 1011 2149 Virgilius

334 2174 411 2236 Quod
422 2175 473 2227 nisi
484 2193 526 2227 me
538 2194 689 2245 quacunque
700 2193 782 2229 noras
793 2174 908 2227 incidere
919 2173 979 2226 lites

333 2257 407 2311 Ante
418 2261 524 2314 sinistre
534 2279 598 2315 cera
608 2263 752 2315 monuisset
763 2262 797 2313 ab
808 2260 869 2312 ilice
882 2261 981 2322 cornix,

334 2343 393 2397 Nec
403 2351 464 2400 tuus
475 2347 517 2399 hic
529 2348 633 2413 Moerie,
645 2366 692 2400 neo
703 2350 801 2401 viveret
813 2348 870 2418 ipse
883 2345 1028 2398 Menalcas.

228 2440 384 2517 Quamvis
406 2442 437 2507 in
463 2468 501 2508 eo
527 2444 673 2509 videatur
700 2445 733 2508 in
759 2456 860 2507 artem
887 2440 1066 2514 offendisse,
1093 2438 1182 2525 quod

230 2542 343 2607 cornix
363 2568 457 2631 quam
479 2548 555 2611 vitae
577 2546 778 2611 servatricem
800 2544 947 2620 asseruit,
970 2564 1076 2606 rerum
1098 2562 1185 2623 mag-

228 2665 344 2707 narum
367 2642 491 2732 ignorat
513 2645 674 2734 auspicia;
702 2648 763 2711 nisi
781 2646 865 2710 forte
882 2642 915 2707 in
936 2667 972 2708 ea
992 2655 1110 2728 praeter
1130 2664 1186 2704 na-

228 2757 337 2810 turam
352 2747 408 2812 fiat
427 2761 603 2829 ostentum,
618 2748 713 2835 quale
729 2760 776 2812 est
795 2746 883 2832 quod
900 2745 1084 2809 imminente
1100 2742 1183 2806 bono

229 2861 262 2913 et
276 2860 388 2935 optato
407 2851 511 2937 perosi
533 2849 738 2936 Imperatoris
758 2848 867 2925 exitio,
883 2848 924 2913 de
945 2869 1025 2933 rupe
1046 2848 1184 2932 Tarpeia

229 2974 288 3038 per
303 2954 414 3018 urbem
436 2958 546 3018 cornix
568 2959 685 3020 Graeco
705 2954 832 3039 eloquio
847 2950 992 3038 protulit,
1009 2954 1096 3015 Bene
1111 2950 1183 3010 erit.

231 3054 325 3129 Quod
341 3080 449 3140 augur
462 3060 691 3141 interpretatus
704 3056 750 3118 ita
765 3054 927 3139 exposuit,

373 3164 467 3235 Nuper
478 3180 535 3231 quse
546 3163 615 3215 sedit
626 3163 723 3232 Tarpei
735 3160 847 3213 culmine
859 3160 959 3221 «rumix,

256 3319 260 3326 ,
409 3256 459 3309 Est
469 3256 537 3308 bene
548 3273 598 3307 non
610 3255 695 3327 potuit
707 3253 799 3317 dicere,
811 3253 881 3304 dixit
893 3250 960 3303 Erit.

232 3354 294 3420 Sed
308 3356 454 3441 ignosces
466 3353 535 3417 viro
549 3351 735 3418 doctissimo
746 3349 939 3416 rusticanam
953 3347 1185 3435 simplicitatem

231 3456 435 3546 exprimenti,
459 3467 516 3521 aut
542 3455 619 3542 quia
644 3475 822 3540 pauperum
849 3453 928 3533 vita,
952 3451 1108 3516 divitibus
1137 3474 1186 3514 res

232 3560 381 3626 videatur
400 3558 528 3645 exigua,
543 3557 599 3644 qui
620 3558 796 3622 humanum
816 3578 919 3641 genus
939 3569 976 3618 ut
998 3554 1109 3642 paucis
1124 3577 1186 3618 ser-

233 3666 314 3739 viat,
336 3677 479 3727 asserunt
505 3661 702 3726 institutum.
749 3660 875 3722 Corvus
898 3680 984 3738 vero,
1007 3679 1101 3744 quem
1123 3679 1186 3721 non

233 3762 349 3829 minori
369 3762 536 3849 diligentia
555 3761 750 3834 observabis,
767 3760 863 3824 rebus
886 3760 1060 3846 majoribus
1080 3760 1187 3845 auspi·

233 3879 337 3945 catur,
366 3878 398 3931 et
427 3887 661 3951 usquequaque
686 3861 801 3928 cornici
828 3860 1031 3948 praejudicat.
1087 3861 1189 3925 Porro

232 3990 358 4055 cygnus
383 3970 417 4034 in
439 3967 595 4054 auguriis,
618 3970 685 4031 oles
709 3966 898 4047 gratissimo
925 3966 1048 4038 nautis,
1074 3975 1188 4048 utpote

234 4093 308 4158 quae
322 4093 477 4157 aquarum
492 4066 667 4135 domestica
688 4065 830 4152 quadam
846 4064 949 4150 gratia
963 4058 1189 4129 familiaritatis

234 4172 408 4237 eorundem
424 4185 544 4238 secreta
567 4171 770 4256 praenoverit.
813 4169 869 4230 An
889 4166 990 4231 nescis
1005 4162 1093 4248 apud
1117 4163 1190 4227 Ma·

236 4297 345 4340 ronem

686 4391 706 4433 n
723 4377 743 4433 2
