3309 5309
596 656 820 701 ENTHETICUS.

277 805 367 870 Pelle
383 805 512 871 leonina
527 804 578 871 dic
594 804 671 892 quid
686 803 802 869 asellus
817 815 900 889 egat.

233 908 318 986 Quid
333 909 383 974 leo
398 909 476 973 dum
491 908 596 985 servit,
613 907 692 995 quid
707 907 783 992 agit,
797 907 875 972 dum
891 919 1003 993 regnat
1017 908 1143 987 asellus,

275 1013 421 1078 Turturis
437 1013 470 1076 in
485 1012 591 1099 specie
607 1009 740 1098 passeris
754 1021 826 1076 acta
841 1033 944 1076 canes.

233 1114 321 1189 Quid
336 1115 455 1180 faciant
468 1115 559 1201 pardi
573 1113 691 1194 timidi,
706 1113 894 1200 leporesque
909 1114 1049 1198 fugaces,

278 1217 321 1282 Et
335 1241 406 1304 spes
421 1217 563 1285 conversi
578 1239 651 1304 quae
667 1216 707 1283 sit
721 1217 870 1281 habenda
885 1217 978 1302 lupi„

233 1320 322 1395 Quid
336 1343 451 1407 repens
465 1319 592 1387 testudo
607 1331 707 1406 paret,
725 1320 904 1385 scarabaeus
919 1330 1061 1398 onustus,

278 1422 409 1508 Curquc
423 1421 487 1488 levi
502 1432 617 1487 ventus
630 1420 760 1505 grandis
775 1420 817 1484 ab
833 1421 936 1485 imbre
952 1420 1054 1485 cadet.

234 1523 300 1591 Sed
315 1524 391 1609 quia
405 1546 500 1588 nemo
515 1534 619 1610 potest
634 1523 755 1588 cunctis
770 1523 885 1591 virtute
900 1524 1038 1609 placere,

280 1624 422 1690 Sufficiat
437 1625 545 1710 paucis
560 1636 593 1688 te
610 1624 764 1709 placuisse
779 1624 882 1689 bonis.
998 1688 1004 1698 ,

235 1733 434 1812 Spernantur
449 1726 475 1790 si
489 1725 570 1790 forre
585 1735 651 1789 tuae
666 1724 726 1790 rub
736 1725 847 1812 judice
862 1747 970 1811 nugae,

279 1829 353 1894 Non
369 1829 409 1893 sit
423 1829 532 1914 iniqua
545 1849 670 1910 manus,
685 1838 741 1892 aut
756 1838 811 1892 tua
825 1827 935 1912 lingua
949 1850 1074 1914 procax.

236 1929 356 1994 Libera
370 1929 530 1994 donentur
545 1929 668 1994 cunctis
683 1928 841 2013 suffragia,
857 1941 953 2016 teque

279 2032 344 2096 lste
359 2032 480 2096 bonurn
497 2031 593 2108 dicat,
611 2030 697 2094 dicat
710 2041 744 2094 et
758 2030 813 2095 ille
827 2030 960 2097 malurn.

237 2137 271 2202 Si
286 2137 373 2202 locus
388 2146 436 2201 est
449 2136 542 2215 liber,
558 2157 616 2200 cur
630 2157 694 2199 non
709 2135 750 2200 sit
765 2135 865 2201 libera
879 2137 1014 2222 lingua?

286 2244 387 2304 Nemo
401 2238 476 2304 satis
491 2238 613 2321 firmus,
628 2260 725 2325 quern
740 2238 820 2304 levis
834 2261 912 2304 aura
925 2251 1042 2307 movet.

235 2343 325 2418 Quid
336 2342 455 2407 facient
469 2364 571 2422 enses,
585 2341 611 2407 si
627 2353 660 2406 te
674 2342 752 2407 levis
768 2364 846 2408 aura
860 2344 1033 2409 cruentet?

279 2445 388 2510 Verba
402 2443 534 2531 quidem
550 2466 613 2508 non
629 2456 704 2508 sunt
720 2444 862 2523 verbera,
878 2445 976 2510 verbe
990 2443 1110 2512 times?

235 2547 435 2632 Linguarum
450 2545 600 2632 strepitus
616 2544 749 2611 solidam
766 2568 830 2610 non
846 2557 986 2612 transeat
1000 2570 1121 2625 aurem,

278 2648 375 2714 Auris
388 2649 498 2735 inepta
512 2647 618 2728 nimis,
634 2670 731 2735 quam
746 2670 844 2714 sonus
861 2651 925 2714 urit
940 2650 1036 2716 iners.

237 2751 398 2817 Exercent
413 2751 466 2816 alii
481 2751 617 2838 linguas,
634 2750 693 2815 tibi
708 2762 818 2836 pareat
832 2751 935 2830 auris3

279 2854 408 2939 Lingua
422 2854 553 2941 quidem
569 2853 709 2939 prodest,
723 2876 788 2918 non
803 2864 912 2920 temen
928 2877 1004 2921 aure
1019 2855 1129 2941 magis.

237 2955 306 3020 Illis
320 2956 354 3021 in
368 2956 479 3041 lingua
493 2977 585 3021 mens
601 2965 659 3036 est,
675 2954 734 3020 tibi
749 2955 790 3020 sit
804 2957 906 3021 corin
921 2980 1007 3023 aure.

279 3058 326 3124 Os
341 3058 486 3144 petulum
502 3058 542 3123 sit
556 3058 613 3140 eis,
629 3058 713 3122 auris
727 3069 840 3143 aperta
854 3059 923 3124 tibi.

238 3159 342 3225 Obice
358 3160 482 3225 virtutis
498 3160 708 3244 confringitur
723 3160 863 3244 impetus
878 3161 950 3241 oris,

282 3263 326 3327 Et
340 3261 460 3346 linguae
474 3262 603 3327 stimulo
617 3283 709 3326 mens
724 3261 887 3327 malesana
901 3263 993 3349 perit.

239 3363 356 3441 Nemo,
372 3362 432 3427 nisi
447 3384 556 3442 vanus,
571 3362 650 3427 salso
665 3362 793 3427 laetatur
806 3362 938 3443 honore,

282 3466 419 3532 Conscia
433 3487 525 3530 mens
540 3465 654 3550 culpoe,
671 3487 768 3552 quarn
784 3465 869 3531 mala
883 3465 969 3532 dicta
983 3480 1123 3534 movent.

240 3569 340 3635 Frons
355 3568 525 3634 adamante
540 3567 599 3632 tibi
614 3567 654 3633 sit
668 3568 787 3648 durior,
803 3569 878 3654 igne
893 3584 1022 3656 perusta

284 3671 333 3736 sit
347 3671 438 3750 cutis,
454 3693 474 3736 a
488 3671 593 3737 verbis
607 3694 649 3735 ne
664 3659 753 3736 notet
768 3694 823 3737 ora
839 3672 945 3739 rubor.

239 3775 342 3839 Plena
356 3774 477 3861 pudore
493 3785 612 3852 tamen,
628 3775 757 3862 qualem
772 3776 867 3841 decet
880 3775 966 3841 illius
980 3798 1059 3853 esse,

282 3877 349 3952 Qui
364 3877 477 3942 timeat
490 3877 559 3943 vitii
575 3877 721 3943 sordidus
736 3900 804 3942 esse
819 3889 904 3946 nota.

239 3978 381 4044 Alterius
395 3980 516 4065 linguae
531 3980 583 4045 dic
598 3979 670 4068 quis
685 3980 872 4045 moderatur
885 3980 1051 4046 habenas?

282 4081 347 4145 Vix
361 4091 419 4160 est,
436 4081 491 4169 qui
506 4081 645 4168 propriae
660 4082 758 4168 possit
772 4083 891 4147 habere
906 4084 1049 4149 modum.

239 4182 381 4248 Lubrica
394 4207 480 4271 saepe
496 4184 592 4264 cadit,
608 4184 759 4272 quoniam
774 4198 917 4251 versatur
931 4186 963 4250 in
980 4188 1060 4250 udo:

285 4285 379 4372 Saepe
395 4288 511 4355 cadens
525 4287 632 4355 labem
647 4289 815 4371 contrahit,
831 4300 927 4377 atque
942 4300 1060 4354 notem.
