3309 5309
348 666 414 713 csr.
430 649 527 729 nnn]
694 664 950 712 ronrcnamcus.
1262 656 1303 712 57

345 831 418 883 trua
442 841 575 904 quoque
596 817 699 882 varias
721 817 838 882 habent
861 814 1115 901 significationes.
1161 815 1302 882 sienim

344 920 479 985 afferant
491 942 719 1006 quamcunque
728 919 870 983 fulminis
881 918 1052 996 loesionem,
1062 918 1203 983 infausta
1215 931 1302 983 sunt.

345 1028 443 1095 Unde
458 1028 560 1094 illud:

416 1138 494 1209 Saepe
505 1136 605 1190 malum
615 1138 664 1189 hoc
676 1137 750 1189 uobis
763 1139 798 1203 (si
809 1154 885 1189 mens
895 1154 946 1189 non
957 1135 1023 1189 laeva
1034 1134 1144 1207 fixisset)

417 1224 460 1276 De
472 1222 535 1276 caelo
544 1229 629 1275 tactas
640 1225 748 1276 memini
760 1223 898 1295 praedicere
911 1240 1028 1293 quercus.

349 1320 389 1382 In
404 1318 578 1384 bisantem
594 1331 625 1384 et
641 1318 722 1382 illud
745 1319 965 1405 perpenditur,
981 1341 1020 1382 an
1037 1318 1148 1383 semita
1168 1341 1232 1383 una
1247 1318 1304 1383 de-

348 1420 519 1500 scenderit,
532 1444 572 1485 an
588 1420 763 1485 multifaria
785 1421 866 1485 aeris
887 1421 1036 1505 ruptione
1058 1420 1191 1485 diffusos
1213 1444 1302 1507 spar-

346 1524 424 1587 serit
439 1523 538 1605 ignes.
583 1526 656 1587 Hoc
670 1523 819 1608 equidem
837 1545 960 1608 semper
977 1522 1098 1587 tristius
1113 1537 1172 1587 est.
1214 1526 1302 1588 Dum

348 1626 449 1692 Caius
479 1627 587 1692 Caesar
616 1625 702 1688 civili
730 1624 815 1688 bello
847 1625 960 1710 patriae
988 1624 1176 1704 immineret,
1206 1647 1303 1709 quarn

347 1726 540 1790 fulminosus
549 1749 602 1789 aer
614 1724 768 1805 extiterit,
778 1737 860 1811 quot
873 1724 1020 1788 habuerit
1031 1727 1140 1807 igneos
1150 1724 1303 1799 turbines,

346 1841 431 1914 quot
454 1827 560 1893 trabes
582 1826 732 1905 emiserit,
757 1849 815 1891 nec
837 1839 960 1890 veteres
981 1824 1121 1889 historiae
1144 1823 1304 1889 sufficiunt

347 1953 505 1995 enarrare.

846 2042 883 2093 Er
895 2046 954 2094 tunc

457 2125 551 2193 ignota
561 2126 677 2178 obscurae
688 2126 808 2179 viderunt
819 2127 904 2180 sidera
915 2132 1013 2180 noctes.

351 2228 387 2292 Si
407 2251 483 2293 vero
503 2228 647 2293 fulminis
668 2243 773 2295 careat
797 2243 997 2317 tempestate,
1013 2228 1040 2294 si
1062 2226 1178 2295 laevum
1202 2243 1302 2309 sonet,

349 2331 483 2395 deorum
510 2331 651 2396 creditur
675 2333 825 2397 nunciare
848 2333 999 2400 favorem.
1043 2337 1159 2398 AEneas
1186 2334 1301 2397 Jovem

348 2458 370 2499 a
383 2432 517 2499 sinistris
532 2446 693 2498 tonantem
709 2434 853 2511 audiens,
870 2458 988 2499 seeum
1013 2435 1185 2520 praemissis
1206 2436 1303 2500 sacri-

348 2532 430 2597 ficiis
442 2532 591 2618 opinatur
603 2533 719 2597 habere
734 2533 919 2620 propitium.
957 2534 1019 2599 sed
1038 2535 1302 2620 qualitercunque

347 2634 412 2699 ista
433 2655 468 2699 se
490 2635 638 2714 habeant,
661 2636 806 2701 innatum
831 2636 976 2700 timorem
998 2636 1163 2700 hominum
1187 2636 1305 2720 poterit

348 2735 507 2821 mitigare,
526 2737 612 2823 quod
635 2760 728 2801 nemo
751 2739 866 2800 sentiet
887 2735 1032 2800 fulminis
1053 2736 1165 2814 ictum,
1182 2736 1206 2800 si
1229 2749 1303 2801 ante

349 2837 484 2902 tonitrui
496 2861 608 2902 sonum
621 2837 769 2915 audierit,
780 2850 837 2902 aut
849 2838 1032 2924 praeviderit
1044 2842 1304 2905 coruscationem.

351 2939 506 3004 Tiberius
532 2943 652 3022 Caesar,
673 2942 852 3006 turbatiore
877 2941 967 3022 coelo,
991 2940 1130 3007 lauream
1156 2965 1303 3006 coronam

348 3042 496 3126 gestabat
519 3042 552 3105 in
580 3042 697 3127 capite,
717 3042 797 3128 ⁴quia
819 3042 880 3105 hoc
901 3065 1003 3125 genus
1024 3042 1147 3106 frondis
1172 3041 1305 3106 fulmine

350 3156 490 3228 negatur
515 3140 624 3205 afflari.
678 3142 840 3205 Tonitrua
866 3142 1019 3227 siqnidem
1047 3140 1246 3205 timidissime
1274 3154 1306 3206 et

349 3244 555 3307 vehementer
585 3264 708 3327 semper
744 3242 921 3308 exhorruit.
981 3246 1042 3308 Est
1072 3255 1178 3308 tamen
1218 3243 1305 3330 quod

348 3345 462 3432 procul
485 3344 587 3409 dubio
603 3344 696 3430 louge
712 3344 861 3409 tutiorem
879 3345 955 3409 facit
978 3346 1149 3421 hominem,
1167 3344 1191 3408 si
1208 3346 1303 3413 fidem

348 3446 452 3510 crucis
464 3460 566 3511 servet
578 3446 610 3510 in
623 3459 762 3533 pectore,
773 3446 932 3532 justitiam
947 3446 1019 3510 fidei
1030 3460 1134 3532 gestet
1145 3447 1178 3510 in
1190 3448 1304 3535 capite,

349 3559 382 3612 et
404 3548 605 3613 salutiferum
621 3548 753 3634 ,siguum
770 3547 843 3612 fidei
866 3572 979 3614 manus
1000 3550 1149 3615 innocens
1169 3553 1247 3637 figat
1269 3554 1302 3618 in

347 3650 465 3732 fronte,
476 3650 565 3714 illum
578 3674 701 3737 semper
716 3675 783 3737 proe
795 3664 901 3717 mente
915 3652 1045 3735 habens,
1057 3656 1113 3739 qui
1125 3653 1303 3722 cultoribus

349 3751 427 3830 suis,
443 3754 695 3824 omnemmundi
710 3756 855 3820 timorem
873 3756 1048 3836 excutiens,
1062 3760 1124 3820 ait:
1159 3760 1192 3821 A
1206 3758 1303 3845 signis

350 3853 424 3918 coeli
438 3875 478 3916 ne
491 3855 673 3933 timueritis,
685 3879 758 3943 qnae
773 3858 886 3924 timent
901 3871 1022 3943 gentes,
1034 3859 1111 3944 quia
1126 3882 1185 3945 ego
1201 3862 1305 3926 vobis-

350 3979 424 4020 cum
442 3958 600 4021 Dominus
616 3959 706 4022 Deus
720 3973 834 4025 vester.
873 3964 954 4026 Haec
970 3985 1099 4047 quoque
1110 3963 1208 4027 verba
1222 3964 1304 4028 inter

351 4060 527 4124 tonandum
544 4061 593 4124 vel
614 4061 724 4126 audita
738 4062 787 4125 vel
810 4061 908 4141 dicta,
924 4064 1108 4128 scribuntur
1130 4088 1149 4127 a
1170 4066 1305 4149 quibus-

351 4159 424 4225 dam
452 4185 566 4226 noxam
597 4162 740 4227 fulminis
769 4165 931 4230 amovisse.
986 4165 1076 4230 Nihil
1107 4178 1213 4230 autern
1244 4178 1303 4241 est,

351 4264 437 4348 quod
452 4264 692 4331 imminentibus
708 4266 817 4353 signis,
833 4268 878 4331 ita
902 4281 1006 4332 totum
1022 4269 1182 4331 concutiat
1206 4265 1304 4328 homi-
