3309 5309
467 647 530 706 tou
726 661 863 705 ruamus
879 660 1158 705 saansnnmsums
1281 643 1363 724 [am.
1380 664 1422 710 1v.

471 835 560 876 secus
585 833 684 898 aquas
711 811 786 874 istas
816 810 957 895 positum
984 825 1042 887 est,
1069 834 1132 875 non
1158 814 1282 877 arescit.
1328 815 1424 889 Quod

472 937 547 977 vero
563 915 610 979 vel
633 914 786 977 radicitus
805 936 869 976 non
889 912 1086 990 humectant,
1102 913 1301 990 dissolvitur,
1318 929 1350 980 et
1367 916 1425 980 ari-

471 1017 548 1080 dum
573 1016 655 1103 perit
678 1029 830 1101 tanquam
853 1013 971 1100 pulvis,
994 1038 1089 1101 quem
1119 1015 1246 1101 projicit
1270 1031 1384 1081 ventus
1408 1041 1427 1081 a

473 1118 553 1183 facie
569 1133 670 1184 terrae.
717 1118 804 1181 Hinc
825 1116 955 1203 quidem
977 1140 1039 1181 non
1061 1117 1159 1181 duces
1178 1133 1330 1203 exceptos
1347 1120 1426 1183 arbi-

473 1231 552 1296 tror,
568 1241 630 1283 non
646 1231 803 1304 potentes,
819 1218 896 1302 quia
917 1239 1028 1303 regum
1050 1217 1153 1303 gloria
1168 1219 1385 1297 transferetur,
1401 1220 1425 1282 si

471 1322 594 1406 injusti,
625 1319 780 1405 injuriosi,
809 1319 1038 1395 contumeliosi,
1068 1320 1189 1384 inventi
1219 1320 1340 1385 fuerint
1369 1334 1423 1385 aut

471 1422 580 1486 dolosi.
626 1423 672 1486 Os
687 1420 843 1507 siquidem
861 1420 990 1484 Domini
1008 1421 1179 1506 loquutum
1195 1435 1255 1486 est.
1296 1423 1423 1488 Verum-

471 1537 576 1588 tamen
600 1522 687 1586 salvo
709 1521 872 1587 intellectu
899 1521 1138 1606 sapientiorum,
1166 1545 1228 1586 non
1253 1524 1295 1588 ab
1321 1545 1356 1587 re
1380 1538 1425 1587 est

475 1629 527 1708 (ut
542 1625 668 1712 opinor)
685 1623 774 1710 quod
796 1622 921 1687 nomina
943 1623 1104 1699 vitiorum,
1126 1623 1289 1690 locutione
1312 1624 1423 1710 plurali

471 1731 631 1814 exposuit,
645 1738 677 1790 et
692 1727 724 1788 in
740 1726 809 1811 ipsa
830 1724 1015 1809 pluralitate
1034 1724 1250 1789 diversitatem
1266 1726 1425 1812 quandam

470 1830 646 1918 prudenter
674 1828 818 1892 inseruit.
864 1829 922 1892 Ait
952 1825 1048 1906 euim,
1073 1838 1110 1890 ut
1140 1826 1333 1912 praedictum
1359 1841 1423 1892 est:

470 1932 556 2008 Quia
570 1953 703 2016 regnam
725 1930 875 2014 degente
897 1928 928 1992 in
949 1940 1077 2013 gentem
1094 1928 1317 2007 transferetur,
1333 1950 1425 2014 prop-

472 2047 521 2098 ter
543 2032 727 2117 injustitias,
743 2044 774 2095 et
797 2031 941 2116 injurias,
957 2043 989 2094 et
1005 2029 1223 2110 contumelias,
1238 2042 1271 2094 et
1287 2029 1425 2094 diversos

469 2133 568 2198 dolos.
614 2132 707 2209 Quod
730 2143 837 2195 autem
864 2130 1006 2194 diversos
1027 2130 1059 2195 in
1082 2131 1145 2194 iine
1173 2130 1323 2217 subjecit,
1346 2142 1424 2216 puto

469 2232 679 2296 communiter
708 2230 748 2293 ad
778 2230 884 2294 omnia
920 2230 1132 2304 referendum,
1162 2243 1194 2295 et
1230 2242 1297 2296 tam
1331 2231 1424 2317 pleno

469 2330 709 2417 concipiendum
738 2331 913 2409 intellectu,
937 2345 1057 2397 utnon
1086 2333 1182 2397 modo
1204 2333 1363 2397 referatur
1383 2333 1421 2397 ad

469 2433 610 2498 diversas
632 2435 752 2518 species
772 2431 935 2509 vitiorum,
959 2433 1013 2498 sed
1036 2450 1068 2499 et
1090 2437 1192 2498 varias
1214 2435 1342 2520 figuras·
1356 2457 1426 2520 per·

470 2558 617 2600 sonarum
644 2534 884 2620 complectatur,
914 2547 946 2599 et
977 2535 1087 2599 modos
1116 2558 1235 2615 omnes,
1263 2535 1383 2621 quibus
1407 2558 1425 2600 a

471 2660 662 2724 quocunque
681 2636 750 2702 haec
772 2636 849 2701 vitia
870 2636 1122 2702 committuntur.
1168 2638 1321 2722 Princeps
1343 2637 1423 2701 enim

469 2753 596 2805 tenetur
618 2740 658 2804 de
680 2739 839 2814 omnibus,
855 2754 887 2803 et
903 2739 1042 2802 omnium
1067 2752 1177 2804 auctor
1199 2761 1268 2802 esse
1286 2739 1424 2817 videtur,

469 2842 546 2927 quia
560 2864 661 2927 quum
677 2840 781 2904 omnia
798 2841 896 2926 possit
912 2842 1081 2924 corrigere,
1097 2863 1206 2904 eorum
1223 2842 1338 2905 merito
1352 2864 1423 2928 par·

467 2944 567 3028 ticeps
582 2956 640 3019 est,
653 2966 727 3028 quae
741 2942 844 3006 noluit
856 2942 1031 3006 emendare.
1065 2945 1173 3020 Quum
1186 2943 1269 3006 enim
1283 2957 1425 3029 potestas

468 3044 598 3131 publica
620 3045 672 3124 sit,
693 3057 730 3108 nt
753 3043 972 3128 praediximus,
993 3045 1135 3108 omnium
1159 3044 1241 3109 vires
1263 3045 1423 3122 exhaurit,

468 3160 500 3212 et
515 3170 554 3211 ne
569 3148 601 3210 iu
618 3170 650 3211 se
665 3145 803 3221 deficiat,
816 3144 1065 3210 incolumitatem
1083 3146 1225 3210 omnium
1242 3146 1338 3210 debet
1353 3168 1423 3232 pro-

467 3270 578 3314 curare
599 3249 823 3313 membrorum.
869 3248 955 3324 Quot
977 3262 1084 3313 autem
1100 3250 1132 3311 in
1149 3248 1424 3313 administratione

466 3352 663 3437 principatus
677 3362 788 3416 extant
802 3348 915 3430 officia,
931 3362 978 3415 tot
994 3363 1067 3415 sunt
1084 3350 1269 3437 principalis
1284 3349 1424 3436 corporis

467 3451 724 3536 quasimembra.
770 3455 858 3516 Dum
882 3465 989 3516 autem
1012 3450 1211 3537 singulorum
1228 3451 1331 3516 officia
1346 3451 1424 3516 inte-

465 3549 583 3634 gritate
612 3550 756 3628 virtutis,
785 3565 817 3614 et
856 3552 1013 3617 suavitate
1049 3552 1209 3638 opinionis
1246 3564 1422 3627 conservat,

465 3651 624 3737 quandam
641 3652 732 3739 quasi
757 3655 906 3718 membris
922 3654 1089 3719 sanitatem
1116 3666 1267 3739 procurat
1284 3667 1316 3718 et
1331 3653 1422 3717 deco-

463 3774 539 3815 rem.
590 3756 699 3826 Quum
716 3776 791 3816 vero
813 3776 854 3816 ex
874 3754 1068 3838 negligentia
1090 3768 1145 3820 aut
1168 3753 1420 3818 dissimulatione

463 3853 630 3940 potestatis
649 3853 732 3916 circa
754 3852 866 3930 officia,
889 3855 930 3919 sit
953 3855 1078 3921 virtutis
1100 3869 1156 3921 aut
1178 3857 1274 3920 famae
1297 3856 1421 3942 dispen-

461 3954 563 4032 dium,
579 3954 669 4037 quasi
686 3953 720 4016 in
735 3955 878 4018 membra
899 3957 980 4040 ejus,
996 3957 1100 4021 morbi
1115 3971 1147 4022 et
1163 3958 1298 4022 maculae
1319 3958 1422 4023 iucur-

461 4071 547 4124 runt.
605 4061 673 4123 Nec
703 4055 759 4119 diu
795 4056 939 4124 subsistit
970 4058 1173 4128 incolumitas
1209 4061 1335 4147 capitis,
1365 4060 1418 4125 ubi

461 4162 596 4246 languor
610 4157 825 4222 membrorum
842 4157 1017 4225 invalescit.
