<?xml version="1.0" encoding="UTF-8"?>
<!DOCTYPE html PUBLIC "-//W3C//DTD XHTML 1.0 Transitional//EN"
    "http://www.w3.org/TR/xhtml1/DTD/xhtml1-transitional.dtd">
<html xmlns="http://www.w3.org/1999/xhtml" xml:lang="en" lang="en">
 <head>
  <title>
</title>
<meta http-equiv="Content-Type" content="text/html;charset=utf-8" />
  <meta name='ocr-system' content='tesseract 3.04.00' />
  <meta name='ocr-capabilities' content='ocr_page ocr_carea ocr_par ocr_line ocrx_word'/>
</head>
<body>
  <div class='ocr_page' id='page_1' title='image "./joannissaresber04johngoog_0114.png"; bbox 0 0 3309 5309; ppageno 0'>
   <div class='ocr_carea' id='block_1_1' title="bbox 345 663 1299 742">
    <p class='ocr_par' dir='ltr' id='par_1_1' title="bbox 345 663 1299 742">
     <span class='ocr_line' id='line_1_1' title="bbox 345 663 1299 742; baseline -0.002 -14"><span class='ocrx_word' id='word_1_1' title='bbox 345 670 386 728; x_wconf 84' lang='lat'><strong>98</strong></span> <span class='ocrx_word' id='word_1_2' title='bbox 601 681 738 725; x_wconf 72' lang='lat' dir='ltr'><strong>sciurus</strong></span> <span class='ocrx_word' id='word_1_3' title='bbox 754 679 1031 726; x_wconf 79' lang='lat' dir='ltr'><strong>sanasnsnmnsrs</strong></span> <span class='ocrx_word' id='word_1_4' title='bbox 1165 663 1247 742; x_wconf 78' lang='lat' dir='ltr'><strong>[am.</strong></span> <span class='ocrx_word' id='word_1_5' title='bbox 1264 680 1299 726; x_wconf 83' lang='lat'><strong>11.</strong></span> 
     </span>
    </p>
   </div>
   <div class='ocr_carea' id='block_1_2' title="bbox 329 828 1300 4359">
    <p class='ocr_par' dir='ltr' id='par_1_2' title="bbox 329 828 1300 4359">
     <span class='ocr_line' id='line_1_2' title="bbox 346 828 1299 915; baseline -0.003 -18"><span class='ocrx_word' id='word_1_6' title='bbox 346 833 458 898; x_wconf 89' lang='lat' dir='ltr'><strong>finiens</strong></span> <span class='ocrx_word' id='word_1_7' title='bbox 478 843 509 896; x_wconf 91' lang='lat' dir='ltr'><strong>et</strong></span> <span class='ocrx_word' id='word_1_8' title='bbox 530 828 736 895; x_wconf 87' lang='lat' dir='ltr'><strong>multifariam</strong></span> <span class='ocrx_word' id='word_1_9' title='bbox 758 830 915 910; x_wconf 90' lang='lat' dir='ltr'><strong>dividens,</strong></span> <span class='ocrx_word' id='word_1_10' title='bbox 935 828 976 893; x_wconf 89' lang='lat' dir='ltr'><strong>ad</strong></span> <span class='ocrx_word' id='word_1_11' title='bbox 993 829 1094 915; x_wconf 84' lang='lat' dir='ltr'><strong>ipsius</strong></span> <span class='ocrx_word' id='word_1_12' title='bbox 1115 851 1231 895; x_wconf 88' lang='lat' dir='ltr'><strong>arcana</strong></span> <span class='ocrx_word' id='word_1_13' title='bbox 1246 852 1299 894; x_wconf 89' lang='lat' dir='ltr'><strong>na·</strong></span> 
     </span>
     <span class='ocr_line' id='line_1_3' title="bbox 346 929 1299 1017; baseline -0.003 -18"><span class='ocrx_word' id='word_1_14' title='bbox 346 946 439 1012; x_wconf 86' lang='lat' dir='ltr'><strong>turae,</strong></span> <span class='ocrx_word' id='word_1_15' title='bbox 450 934 564 997; x_wconf 90' lang='lat' dir='ltr'><strong>mentis</strong></span> <span class='ocrx_word' id='word_1_16' title='bbox 576 932 763 997; x_wconf 82' lang='lat' dir='ltr'><strong>transmittit</strong></span> <span class='ocrx_word' id='word_1_17' title='bbox 778 943 942 1017; x_wconf 91' lang='lat' dir='ltr'><strong>aspectum</strong></span> <span class='ocrx_word' id='word_1_18' title='bbox 958 944 995 996; x_wconf 92' lang='lat' dir='ltr'><strong>ut</strong></span> <span class='ocrx_word' id='word_1_19' title='bbox 1010 929 1090 995; x_wconf 89' lang='lat' dir='ltr'><strong>nihil</strong></span> <span class='ocrx_word' id='word_1_20' title='bbox 1106 931 1299 997; x_wconf 82' lang='lat' dir='ltr'><strong>naturalium</strong></span> 
     </span>
     <span class='ocr_line' id='line_1_4' title="bbox 345 1034 1300 1124; baseline 0 -24"><span class='ocrx_word' id='word_1_21' title='bbox 345 1038 438 1124; x_wconf 89' lang='lat' dir='ltr'><strong>plene</strong></span> <span class='ocrx_word' id='word_1_22' title='bbox 453 1034 676 1101; x_wconf 87' lang='lat' dir='ltr'><strong>absconditum</strong></span> <span class='ocrx_word' id='word_1_23' title='bbox 691 1034 729 1099; x_wconf 92' lang='lat' dir='ltr'><strong>sit</strong></span> <span class='ocrx_word' id='word_1_24' title='bbox 747 1035 788 1098; x_wconf 91' lang='lat' dir='ltr'><strong>ab</strong></span> <span class='ocrx_word' id='word_1_25' title='bbox 802 1034 904 1098; x_wconf 87' lang='lat' dir='ltr'><strong>oculis</strong></span> <span class='ocrx_word' id='word_1_26' title='bbox 919 1035 998 1120; x_wconf 90' lang='lat' dir='ltr'><strong>ejus.</strong></span> <span class='ocrx_word' id='word_1_27' title='bbox 1044 1036 1089 1100; x_wconf 86' lang='lat' dir='ltr'><strong>Et</strong></span> <span class='ocrx_word' id='word_1_28' title='bbox 1106 1035 1211 1120; x_wconf 90' lang='lat' dir='ltr'><strong>primo</strong></span> <span class='ocrx_word' id='word_1_29' title='bbox 1226 1035 1300 1100; x_wconf 92' lang='lat' dir='ltr'><strong>sub·</strong></span> 
     </span>
     <span class='ocr_line' id='line_1_5' title="bbox 346 1137 1299 1222; baseline -0.004 -18"><span class='ocrx_word' id='word_1_30' title='bbox 346 1139 506 1216; x_wconf 78' lang='lat' dir='ltr'><strong>stantiam,</strong></span> <span class='ocrx_word' id='word_1_31' title='bbox 528 1157 604 1222; x_wconf 84' lang='lat' dir='ltr'><strong>quae</strong></span> <span class='ocrx_word' id='word_1_32' title='bbox 626 1137 773 1200; x_wconf 89' lang='lat' dir='ltr'><strong>omnibus</strong></span> <span class='ocrx_word' id='word_1_33' title='bbox 796 1137 917 1212; x_wconf 87' lang='lat' dir='ltr'><strong>subest,</strong></span> <span class='ocrx_word' id='word_1_34' title='bbox 940 1137 1068 1202; x_wconf 88' lang='lat' dir='ltr'><strong>acutius</strong></span> <span class='ocrx_word' id='word_1_35' title='bbox 1088 1137 1247 1216; x_wconf 89' lang='lat' dir='ltr'><strong>intuetur,</strong></span> <span class='ocrx_word' id='word_1_36' title='bbox 1266 1138 1299 1200; x_wconf 90' lang='lat' dir='ltr'><strong>in</strong></span> 
     </span>
     <span class='ocr_line' id='line_1_6' title="bbox 346 1236 1300 1325; baseline -0.003 -22"><span class='ocrx_word' id='word_1_37' title='bbox 346 1263 411 1325; x_wconf 89' lang='lat' dir='ltr'><strong>qua</strong></span> <span class='ocrx_word' id='word_1_38' title='bbox 425 1261 536 1304; x_wconf 90' lang='lat' dir='ltr'><strong>manns</strong></span> <span class='ocrx_word' id='word_1_39' title='bbox 551 1251 674 1302; x_wconf 85' lang='lat' dir='ltr'><strong>naturoe</strong></span> <span class='ocrx_word' id='word_1_40' title='bbox 693 1236 850 1322; x_wconf 89' lang='lat' dir='ltr'><strong>probatur</strong></span> <span class='ocrx_word' id='word_1_41' title='bbox 869 1237 1010 1314; x_wconf 88' lang='lat' dir='ltr'><strong>artificis,</strong></span> <span class='ocrx_word' id='word_1_42' title='bbox 1026 1238 1103 1302; x_wconf 90' lang='lat' dir='ltr'><strong>dum</strong></span> <span class='ocrx_word' id='word_1_43' title='bbox 1120 1260 1190 1301; x_wconf 87' lang='lat' dir='ltr'><strong>eam</strong></span> <span class='ocrx_word' id='word_1_44' title='bbox 1206 1236 1300 1300; x_wconf 85' lang='lat' dir='ltr'><strong>variis</strong></span> 
     </span>
     <span class='ocr_line' id='line_1_7' title="bbox 346 1338 1298 1427; baseline -0.002 -23"><span class='ocrx_word' id='word_1_45' title='bbox 346 1340 607 1427; x_wconf 87' lang='lat' dir='ltr'><strong>proprietatibus,</strong></span> <span class='ocrx_word' id='word_1_46' title='bbox 628 1352 660 1403; x_wconf 88' lang='lat' dir='ltr'><strong>et</strong></span> <span class='ocrx_word' id='word_1_47' title='bbox 683 1338 793 1401; x_wconf 87' lang='lat' dir='ltr'><strong>formis</strong></span> <span class='ocrx_word' id='word_1_48' title='bbox 816 1339 908 1424; x_wconf 90' lang='lat' dir='ltr'><strong>quasi</strong></span> <span class='ocrx_word' id='word_1_49' title='bbox 932 1339 996 1402; x_wconf 87' lang='lat' dir='ltr'><strong>suis</strong></span> <span class='ocrx_word' id='word_1_50' title='bbox 1015 1339 1210 1425; x_wconf 87' lang='lat' dir='ltr'><strong>quibusdam</strong></span> <span class='ocrx_word' id='word_1_51' title='bbox 1232 1360 1298 1402; x_wconf 87' lang='lat' dir='ltr'><strong>ves·</strong></span> 
     </span>
     <span class='ocr_line' id='line_1_8' title="bbox 348 1439 1300 1526; baseline -0.005 -18"><span class='ocrx_word' id='word_1_52' title='bbox 348 1444 436 1508; x_wconf 91' lang='lat' dir='ltr'><strong>tibus</strong></span> <span class='ocrx_word' id='word_1_53' title='bbox 450 1442 567 1519; x_wconf 91' lang='lat' dir='ltr'><strong>induit,</strong></span> <span class='ocrx_word' id='word_1_54' title='bbox 580 1453 612 1505; x_wconf 90' lang='lat' dir='ltr'><strong>et</strong></span> <span class='ocrx_word' id='word_1_55' title='bbox 628 1440 692 1504; x_wconf 90' lang='lat' dir='ltr'><strong>suis</strong></span> <span class='ocrx_word' id='word_1_56' title='bbox 703 1461 852 1503; x_wconf 91' lang='lat' dir='ltr'><strong>sensuum</strong></span> <span class='ocrx_word' id='word_1_57' title='bbox 865 1439 1126 1526; x_wconf 77' lang='lat' dir='ltr'><strong>perceptibilibus</strong></span> <span class='ocrx_word' id='word_1_58' title='bbox 1140 1439 1300 1518; x_wconf 86' lang='lat' dir='ltr'><strong>informat,</strong></span> 
     </span>
     <span class='ocr_line' id='line_1_9' title="bbox 346 1540 1297 1632; baseline -0.004 -23"><span class='ocrx_word' id='word_1_59' title='bbox 346 1569 413 1632; x_wconf 92' lang='lat' dir='ltr'><strong>qno</strong></span> <span class='ocrx_word' id='word_1_60' title='bbox 421 1545 520 1629; x_wconf 89' lang='lat' dir='ltr'><strong>possit</strong></span> <span class='ocrx_word' id='word_1_61' title='bbox 530 1543 788 1630; x_wconf 87' lang='lat' dir='ltr'><strong>aptiusbumano</strong></span> <span class='ocrx_word' id='word_1_62' title='bbox 798 1542 925 1625; x_wconf 83' lang='lat' dir='ltr'><strong>ingenio</strong></span> <span class='ocrx_word' id='word_1_63' title='bbox 936 1540 1172 1627; x_wconf 87' lang='lat' dir='ltr'><strong>comprehendi.</strong></span> <span class='ocrx_word' id='word_1_64' title='bbox 1205 1541 1297 1619; x_wconf 83' lang='lat' dir='ltr'><strong>Quod</strong></span> 
     </span>
     <span class='ocr_line' id='line_1_10' title="bbox 347 1645 1300 1732; baseline -0.002 -23"><span class='ocrx_word' id='word_1_65' title='bbox 347 1648 443 1732; x_wconf 83' lang='lat' dir='ltr'><strong>igitur</strong></span> <span class='ocrx_word' id='word_1_66' title='bbox 466 1669 575 1710; x_wconf 87' lang='lat' dir='ltr'><strong>sensus</strong></span> <span class='ocrx_word' id='word_1_67' title='bbox 596 1646 746 1731; x_wconf 85' lang='lat' dir='ltr'><strong>percipit,</strong></span> <span class='ocrx_word' id='word_1_68' title='bbox 762 1646 935 1730; x_wconf 88' lang='lat' dir='ltr'><strong>formisque</strong></span> <span class='ocrx_word' id='word_1_69' title='bbox 957 1645 1135 1731; x_wconf 89' lang='lat' dir='ltr'><strong>subjectum</strong></span> <span class='ocrx_word' id='word_1_70' title='bbox 1160 1655 1218 1724; x_wconf 90' lang='lat' dir='ltr'><strong>est,</strong></span> <span class='ocrx_word' id='word_1_71' title='bbox 1240 1645 1300 1708; x_wconf 90' lang='lat' dir='ltr'><strong>sin·</strong></span> 
     </span>
     <span class='ocr_line' id='line_1_11' title="bbox 346 1744 1300 1834; baseline -0.005 -21"><span class='ocrx_word' id='word_1_72' title='bbox 346 1748 462 1834; x_wconf 84' lang='lat' dir='ltr'><strong>gularis</strong></span> <span class='ocrx_word' id='word_1_73' title='bbox 478 1761 509 1811; x_wconf 92' lang='lat' dir='ltr'><strong>et</strong></span> <span class='ocrx_word' id='word_1_74' title='bbox 522 1747 810 1833; x_wconf 87' lang='lat' dir='ltr'><strong>primasubstantia</strong></span> <span class='ocrx_word' id='word_1_75' title='bbox 820 1760 878 1810; x_wconf 86' lang='lat' dir='ltr'><strong>est.</strong></span> <span class='ocrx_word' id='word_1_76' title='bbox 925 1747 963 1811; x_wconf 92' lang='lat' dir='ltr'><strong>ld</strong></span> <span class='ocrx_word' id='word_1_77' title='bbox 982 1769 1067 1823; x_wconf 88' lang='lat' dir='ltr'><strong>vero,</strong></span> <span class='ocrx_word' id='word_1_78' title='bbox 1083 1747 1151 1810; x_wconf 90' lang='lat' dir='ltr'><strong>sine</strong></span> <span class='ocrx_word' id='word_1_79' title='bbox 1167 1770 1234 1832; x_wconf 93' lang='lat' dir='ltr'><strong>quo</strong></span> <span class='ocrx_word' id='word_1_80' title='bbox 1248 1744 1300 1809; x_wconf 87' lang='lat' dir='ltr'><strong>illa</strong></span> 
     </span>
     <span class='ocr_line' id='line_1_12' title="bbox 346 1847 1297 1933; baseline -0.003 -20"><span class='ocrx_word' id='word_1_81' title='bbox 346 1873 403 1914; x_wconf 88' lang='lat' dir='ltr'><strong>nec</strong></span> <span class='ocrx_word' id='word_1_82' title='bbox 425 1873 503 1927; x_wconf 91' lang='lat' dir='ltr'><strong>esse,</strong></span> <span class='ocrx_word' id='word_1_83' title='bbox 525 1871 582 1911; x_wconf 91' lang='lat' dir='ltr'><strong>nec</strong></span> <span class='ocrx_word' id='word_1_84' title='bbox 603 1847 737 1931; x_wconf 85' lang='lat' dir='ltr'><strong>intelligi</strong></span> <span class='ocrx_word' id='word_1_85' title='bbox 763 1861 879 1933; x_wconf 92' lang='lat' dir='ltr'><strong>potest,</strong></span> <span class='ocrx_word' id='word_1_86' title='bbox 902 1849 930 1910; x_wconf 91' lang='lat' dir='ltr'><strong>ei</strong></span> <span class='ocrx_word' id='word_1_87' title='bbox 954 1847 1163 1912; x_wconf 87' lang='lat' dir='ltr'><strong>substantiale</strong></span> <span class='ocrx_word' id='word_1_88' title='bbox 1185 1860 1245 1926; x_wconf 87' lang='lat' dir='ltr'><strong>est,</strong></span> <span class='ocrx_word' id='word_1_89' title='bbox 1266 1860 1297 1910; x_wconf 90' lang='lat' dir='ltr'><strong>et</strong></span> 
     </span>
     <span class='ocr_line' id='line_1_13' title="bbox 347 1945 1297 2033; baseline -0.002 -23"><span class='ocrx_word' id='word_1_90' title='bbox 347 1949 537 2033; x_wconf 89' lang='lat' dir='ltr'><strong>plerumque</strong></span> <span class='ocrx_word' id='word_1_91' title='bbox 549 1947 685 2011; x_wconf 88' lang='lat' dir='ltr'><strong>secunda</strong></span> <span class='ocrx_word' id='word_1_92' title='bbox 696 1947 873 2011; x_wconf 88' lang='lat' dir='ltr'><strong>substantia</strong></span> <span class='ocrx_word' id='word_1_93' title='bbox 884 1947 1076 2010; x_wconf 91' lang='lat' dir='ltr'><strong>nominatur.</strong></span> <span class='ocrx_word' id='word_1_94' title='bbox 1110 1945 1182 2010; x_wconf 90' lang='lat' dir='ltr'><strong>Hoc</strong></span> <span class='ocrx_word' id='word_1_95' title='bbox 1193 1961 1297 2011; x_wconf 89' lang='lat' dir='ltr'><strong>autem</strong></span> 
     </span>
     <span class='ocr_line' id='line_1_14' title="bbox 349 2046 1300 2132; baseline 0 -20"><span class='ocrx_word' id='word_1_96' title='bbox 349 2048 435 2132; x_wconf 89' lang='lat' dir='ltr'><strong>quod</strong></span> <span class='ocrx_word' id='word_1_97' title='bbox 450 2047 539 2110; x_wconf 90' lang='lat' dir='ltr'><strong>adest</strong></span> <span class='ocrx_word' id='word_1_98' title='bbox 559 2046 689 2131; x_wconf 90' lang='lat' dir='ltr'><strong>quidem</strong></span> <span class='ocrx_word' id='word_1_99' title='bbox 714 2048 912 2127; x_wconf 71' lang='lat' dir='ltr'><strong>substantias,</strong></span> <span class='ocrx_word' id='word_1_100' title='bbox 927 2060 958 2112; x_wconf 88' lang='lat' dir='ltr'><strong>et</strong></span> <span class='ocrx_word' id='word_1_101' title='bbox 978 2070 1015 2111; x_wconf 88' lang='lat' dir='ltr'><strong>ea</strong></span> <span class='ocrx_word' id='word_1_102' title='bbox 1031 2064 1178 2113; x_wconf 89' lang='lat' dir='ltr'><strong>manente</strong></span> <span class='ocrx_word' id='word_1_103' title='bbox 1193 2049 1300 2112; x_wconf 86' lang='lat' dir='ltr'><strong>abesse</strong></span> 
     </span>
     <span class='ocr_line' id='line_1_15' title="bbox 348 2147 1299 2236; baseline -0.001 -23"><span class='ocrx_word' id='word_1_104' title='bbox 348 2161 465 2234; x_wconf 87' lang='lat' dir='ltr'><strong>potest,</strong></span> <span class='ocrx_word' id='word_1_105' title='bbox 486 2147 702 2213; x_wconf 87' lang='lat' dir='ltr'><strong>accidentibus</strong></span> <span class='ocrx_word' id='word_1_106' title='bbox 728 2162 929 2234; x_wconf 86' lang='lat' dir='ltr'><strong>aggregatur.</strong></span> <span class='ocrx_word' id='word_1_107' title='bbox 977 2150 1145 2234; x_wconf 80' lang='lat' dir='ltr'><strong>Singulare</strong></span> <span class='ocrx_word' id='word_1_108' title='bbox 1170 2150 1299 2236; x_wconf 91' lang='lat' dir='ltr'><strong>quidem</strong></span> 
     </span>
     <span class='ocr_line' id='line_1_16' title="bbox 349 2249 1298 2331; baseline 0.003 -19"><span class='ocrx_word' id='word_1_109' title='bbox 349 2251 375 2312; x_wconf 92' lang='lat' dir='ltr'><strong>si</strong></span> <span class='ocrx_word' id='word_1_110' title='bbox 399 2272 480 2314; x_wconf 87' lang='lat' dir='ltr'><strong>unns</strong></span> <span class='ocrx_word' id='word_1_111' title='bbox 502 2260 625 2312; x_wconf 91' lang='lat' dir='ltr'><strong>tantum</strong></span> <span class='ocrx_word' id='word_1_112' title='bbox 647 2253 707 2311; x_wconf 89' lang='lat' dir='ltr'><strong>sit:</strong></span> <span class='ocrx_word' id='word_1_113' title='bbox 735 2249 919 2325; x_wconf 88' lang='lat' dir='ltr'><strong>universale,</strong></span> <span class='ocrx_word' id='word_1_114' title='bbox 941 2250 978 2331; x_wconf 90' lang='lat' dir='ltr'><strong>si,</strong></span> <span class='ocrx_word' id='word_1_115' title='bbox 993 2251 1066 2315; x_wconf 89' lang='lat' dir='ltr'><strong>licet</strong></span> <span class='ocrx_word' id='word_1_116' title='bbox 1087 2273 1151 2314; x_wconf 90' lang='lat' dir='ltr'><strong>non</strong></span> <span class='ocrx_word' id='word_1_117' title='bbox 1175 2262 1298 2325; x_wconf 86' lang='lat' dir='ltr'><strong>natura,</strong></span> 
     </span>
     <span class='ocr_line' id='line_1_17' title="bbox 348 2349 1299 2430; baseline 0.002 -15"><span class='ocrx_word' id='word_1_118' title='bbox 348 2349 568 2415; x_wconf 83' lang='lat' dir='ltr'><strong>conformitate</strong></span> <span class='ocrx_word' id='word_1_119' title='bbox 591 2361 695 2414; x_wconf 89' lang='lat' dir='ltr'><strong>tamen</strong></span> <span class='ocrx_word' id='word_1_120' title='bbox 718 2350 757 2414; x_wconf 87' lang='lat' dir='ltr'><strong>sit</strong></span> <span class='ocrx_word' id='word_1_121' title='bbox 781 2373 948 2415; x_wconf 90' lang='lat' dir='ltr'><strong>commune</strong></span> <span class='ocrx_word' id='word_1_122' title='bbox 974 2351 1160 2417; x_wconf 88' lang='lat' dir='ltr'><strong>multorum.</strong></span> <span class='ocrx_word' id='word_1_123' title='bbox 1205 2352 1299 2430; x_wconf 84' lang='lat' dir='ltr'><strong>Quod</strong></span> 
     </span>
     <span class='ocr_line' id='line_1_18' title="bbox 347 2451 1299 2539; baseline 0.003 -24"><span class='ocrx_word' id='word_1_124' title='bbox 347 2453 428 2518; x_wconf 89' lang='lat' dir='ltr'><strong>forte</strong></span> <span class='ocrx_word' id='word_1_125' title='bbox 457 2451 582 2516; x_wconf 88' lang='lat' dir='ltr'><strong>facilius</strong></span> <span class='ocrx_word' id='word_1_126' title='bbox 611 2451 642 2516; x_wconf 93' lang='lat' dir='ltr'><strong>in</strong></span> <span class='ocrx_word' id='word_1_127' title='bbox 670 2452 844 2534; x_wconf 90' lang='lat' dir='ltr'><strong>intellectu,</strong></span> <span class='ocrx_word' id='word_1_128' title='bbox 870 2478 967 2539; x_wconf 92' lang='lat' dir='ltr'><strong>quam</strong></span> <span class='ocrx_word' id='word_1_129' title='bbox 994 2456 1025 2517; x_wconf 93' lang='lat' dir='ltr'><strong>in</strong></span> <span class='ocrx_word' id='word_1_130' title='bbox 1052 2468 1169 2519; x_wconf 91' lang='lat' dir='ltr'><strong>natura</strong></span> <span class='ocrx_word' id='word_1_131' title='bbox 1193 2477 1299 2518; x_wconf 88' lang='lat' dir='ltr'><strong>rerum</strong></span> 
     </span>
     <span class='ocr_line' id='line_1_19' title="bbox 329 2552 1298 2641; baseline 0.002 -24"><span class='ocrx_word' id='word_1_132' title='bbox 329 2558 332 2563; x_wconf 74' lang='grc'><strong>’</strong></span> <span class='ocrx_word' id='word_1_133' title='bbox 347 2554 464 2639; x_wconf 88' lang='lat' dir='ltr'><strong>poterit</strong></span> <span class='ocrx_word' id='word_1_134' title='bbox 479 2553 624 2632; x_wconf 89' lang='lat' dir='ltr'><strong>inveniri,</strong></span> <span class='ocrx_word' id='word_1_135' title='bbox 640 2552 670 2616; x_wconf 90' lang='lat' dir='ltr'><strong>in</strong></span> <span class='ocrx_word' id='word_1_136' title='bbox 687 2575 752 2637; x_wconf 92' lang='lat' dir='ltr'><strong>quo</strong></span> <span class='ocrx_word' id='word_1_137' title='bbox 767 2575 883 2638; x_wconf 86' lang='lat' dir='ltr'><strong>genera</strong></span> <span class='ocrx_word' id='word_1_138' title='bbox 898 2567 930 2618; x_wconf 90' lang='lat' dir='ltr'><strong>et</strong></span> <span class='ocrx_word' id='word_1_139' title='bbox 947 2555 1078 2641; x_wconf 89' lang='lat' dir='ltr'><strong>species,</strong></span> <span class='ocrx_word' id='word_1_140' title='bbox 1095 2555 1298 2632; x_wconf 87' lang='lat' dir='ltr'><strong>differentias,</strong></span> 
     </span>
     <span class='ocr_line' id='line_1_20' title="bbox 346 2653 1299 2741; baseline 0.002 -23"><span class='ocrx_word' id='word_1_141' title='bbox 346 2655 486 2741; x_wconf 83' lang='lat' dir='ltr'><strong>propria,</strong></span> <span class='ocrx_word' id='word_1_142' title='bbox 512 2665 543 2717; x_wconf 89' lang='lat' dir='ltr'><strong>et</strong></span> <span class='ocrx_word' id='word_1_143' title='bbox 573 2653 756 2727; x_wconf 89' lang='lat' dir='ltr'><strong>accidentia,</strong></span> <span class='ocrx_word' id='word_1_144' title='bbox 784 2674 858 2738; x_wconf 83' lang='lat' dir='ltr'><strong>quae</strong></span> <span class='ocrx_word' id='word_1_145' title='bbox 889 2655 1109 2719; x_wconf 86' lang='lat' dir='ltr'><strong>universaliter</strong></span> <span class='ocrx_word' id='word_1_146' title='bbox 1138 2655 1299 2732; x_wconf 89' lang='lat' dir='ltr'><strong>dicuntur,</strong></span> 
     </span>
     <span class='ocr_line' id='line_1_21' title="bbox 347 2754 1299 2839; baseline 0.003 -23"><span class='ocrx_word' id='word_1_147' title='bbox 347 2755 478 2839; x_wconf 87' lang='lat' dir='ltr'><strong>planum</strong></span> <span class='ocrx_word' id='word_1_148' title='bbox 494 2765 541 2817; x_wconf 88' lang='lat' dir='ltr'><strong>est</strong></span> <span class='ocrx_word' id='word_1_149' title='bbox 556 2754 709 2831; x_wconf 86' lang='lat' dir='ltr'><strong>invenire,</strong></span> <span class='ocrx_word' id='word_1_150' title='bbox 724 2775 826 2837; x_wconf 92' lang='lat' dir='ltr'><strong>quum</strong></span> <span class='ocrx_word' id='word_1_151' title='bbox 838 2756 870 2816; x_wconf 92' lang='lat' dir='ltr'><strong>in</strong></span> <span class='ocrx_word' id='word_1_152' title='bbox 881 2767 954 2817; x_wconf 89' lang='lat' dir='ltr'><strong>actu</strong></span> <span class='ocrx_word' id='word_1_153' title='bbox 970 2777 1073 2818; x_wconf 89' lang='lat' dir='ltr'><strong>rerum</strong></span> <span class='ocrx_word' id='word_1_154' title='bbox 1089 2756 1299 2820; x_wconf 84' lang='lat' dir='ltr'><strong>substantiam</strong></span> 
     </span>
     <span class='ocr_line' id='line_1_22' title="bbox 348 2854 1299 2938; baseline 0.002 -20"><span class='ocrx_word' id='word_1_155' title='bbox 348 2854 574 2918; x_wconf 89' lang='lat' dir='ltr'><strong>universalium</strong></span> <span class='ocrx_word' id='word_1_156' title='bbox 599 2875 743 2938; x_wconf 89' lang='lat' dir='ltr'><strong>quaerere</strong></span> <span class='ocrx_word' id='word_1_157' title='bbox 769 2856 906 2936; x_wconf 84' lang='lat' dir='ltr'><strong>exiguus</strong></span> <span class='ocrx_word' id='word_1_158' title='bbox 929 2854 1054 2919; x_wconf 88' lang='lat' dir='ltr'><strong>fructus</strong></span> <span class='ocrx_word' id='word_1_159' title='bbox 1077 2855 1130 2931; x_wconf 88' lang='lat' dir='ltr'><strong>sit,</strong></span> <span class='ocrx_word' id='word_1_160' title='bbox 1152 2869 1184 2919; x_wconf 90' lang='lat' dir='ltr'><strong>et</strong></span> <span class='ocrx_word' id='word_1_161' title='bbox 1211 2856 1299 2920; x_wconf 84' lang='lat' dir='ltr'><strong>labor</strong></span> 
     </span>
     <span class='ocr_line' id='line_1_23' title="bbox 346 2954 1296 3044; baseline -0.001 -24"><span class='ocrx_word' id='word_1_162' title='bbox 346 2956 539 3034; x_wconf 87' lang='lat' dir='ltr'><strong>infinitus,in</strong></span> <span class='ocrx_word' id='word_1_163' title='bbox 548 2967 656 3019; x_wconf 89' lang='lat' dir='ltr'><strong>mente</strong></span> <span class='ocrx_word' id='word_1_164' title='bbox 663 2977 739 3017; x_wconf 90' lang='lat' dir='ltr'><strong>vero</strong></span> <span class='ocrx_word' id='word_1_165' title='bbox 750 2954 871 3019; x_wconf 84' lang='lat' dir='ltr'><strong>utiliter</strong></span> <span class='ocrx_word' id='word_1_166' title='bbox 882 2968 914 3020; x_wconf 92' lang='lat' dir='ltr'><strong>et</strong></span> <span class='ocrx_word' id='word_1_167' title='bbox 925 2956 1074 3021; x_wconf 84' lang='lat' dir='ltr'><strong>facillime</strong></span> <span class='ocrx_word' id='word_1_168' title='bbox 1086 2960 1296 3044; x_wconf 88' lang='lat' dir='ltr'><strong>reperiuntur.</strong></span> 
     </span>
     <span class='ocr_line' id='line_1_24' title="bbox 349 3056 1296 3124; baseline -0.003 -1"><span class='ocrx_word' id='word_1_169' title='bbox 349 3059 382 3122; x_wconf 89' lang='lat' dir='ltr'><strong>Si</strong></span> <span class='ocrx_word' id='word_1_170' title='bbox 394 3061 476 3123; x_wconf 90' lang='lat' dir='ltr'><strong>enim</strong></span> <span class='ocrx_word' id='word_1_171' title='bbox 490 3056 556 3122; x_wconf 92' lang='lat' dir='ltr'><strong>solo</strong></span> <span class='ocrx_word' id='word_1_172' title='bbox 568 3079 673 3120; x_wconf 90' lang='lat' dir='ltr'><strong>rerum</strong></span> <span class='ocrx_word' id='word_1_173' title='bbox 687 3078 818 3119; x_wconf 88' lang='lat' dir='ltr'><strong>numero</strong></span> <span class='ocrx_word' id='word_1_174' title='bbox 830 3056 1045 3121; x_wconf 84' lang='lat' dir='ltr'><strong>differentium</strong></span> <span class='ocrx_word' id='word_1_175' title='bbox 1058 3057 1296 3124; x_wconf 84' lang='lat' dir='ltr'><strong>substantialem</strong></span> 
     </span>
     <span class='ocr_line' id='line_1_25' title="bbox 347 3158 1296 3245; baseline -0.004 -19"><span class='ocrx_word' id='word_1_176' title='bbox 347 3159 585 3226; x_wconf 89' lang='lat' dir='ltr'><strong>similitudinem</strong></span> <span class='ocrx_word' id='word_1_177' title='bbox 606 3158 680 3244; x_wconf 89' lang='lat' dir='ltr'><strong>quis</strong></span> <span class='ocrx_word' id='word_1_178' title='bbox 700 3171 805 3222; x_wconf 91' lang='lat' dir='ltr'><strong>mente</strong></span> <span class='ocrx_word' id='word_1_179' title='bbox 825 3171 1010 3243; x_wconf 86' lang='lat' dir='ltr'><strong>pertractet,</strong></span> <span class='ocrx_word' id='word_1_180' title='bbox 1033 3160 1170 3245; x_wconf 90' lang='lat' dir='ltr'><strong>speciem</strong></span> <span class='ocrx_word' id='word_1_181' title='bbox 1193 3171 1296 3225; x_wconf 85' lang='lat' dir='ltr'><strong>tenet:</strong></span> 
     </span>
     <span class='ocr_line' id='line_1_26' title="bbox 347 3259 1298 3345; baseline -0.005 -18"><span class='ocrx_word' id='word_1_182' title='bbox 347 3264 382 3328; x_wconf 88' lang='lat' dir='ltr'><strong>Si</strong></span> <span class='ocrx_word' id='word_1_183' title='bbox 405 3286 476 3326; x_wconf 88' lang='lat' dir='ltr'><strong>vero</strong></span> <span class='ocrx_word' id='word_1_184' title='bbox 496 3261 589 3326; x_wconf 89' lang='lat' dir='ltr'><strong>etiam</strong></span> <span class='ocrx_word' id='word_1_185' title='bbox 613 3264 716 3345; x_wconf 90' lang='lat' dir='ltr'><strong>specie</strong></span> <span class='ocrx_word' id='word_1_186' title='bbox 736 3260 950 3325; x_wconf 87' lang='lat' dir='ltr'><strong>differentium</strong></span> <span class='ocrx_word' id='word_1_187' title='bbox 967 3261 1188 3326; x_wconf 88' lang='lat' dir='ltr'><strong>convenientia</strong></span> <span class='ocrx_word' id='word_1_188' title='bbox 1202 3259 1298 3326; x_wconf 90' lang='lat' dir='ltr'><strong>menti</strong></span> 
     </span>
     <span class='ocr_line' id='line_1_27' title="bbox 346 3361 1297 3446; baseline -0.001 -21"><span class='ocrx_word' id='word_1_189' title='bbox 346 3375 503 3438; x_wconf 89' lang='lat' dir='ltr'><strong>occurrat,</strong></span> <span class='ocrx_word' id='word_1_190' title='bbox 533 3363 657 3446; x_wconf 86' lang='lat' dir='ltr'><strong>generis</strong></span> <span class='ocrx_word' id='word_1_191' title='bbox 688 3361 824 3425; x_wconf 90' lang='lat' dir='ltr'><strong>latitudo</strong></span> <span class='ocrx_word' id='word_1_192' title='bbox 852 3373 957 3426; x_wconf 89' lang='lat' dir='ltr'><strong>mente</strong></span> <span class='ocrx_word' id='word_1_193' title='bbox 984 3361 1188 3427; x_wconf 86' lang='lat' dir='ltr'><strong>diffunditur.</strong></span> <span class='ocrx_word' id='word_1_194' title='bbox 1234 3364 1297 3425; x_wconf 88' lang='lat' dir='ltr'><strong>De-</strong></span> 
     </span>
     <span class='ocr_line' id='line_1_28' title="bbox 348 3461 1298 3549; baseline -0.001 -25"><span class='ocrx_word' id='word_1_195' title='bbox 348 3465 446 3547; x_wconf 90' lang='lat' dir='ltr'><strong>nique</strong></span> <span class='ocrx_word' id='word_1_196' title='bbox 475 3462 553 3525; x_wconf 92' lang='lat' dir='ltr'><strong>dum</strong></span> <span class='ocrx_word' id='word_1_197' title='bbox 584 3486 700 3537; x_wconf 89' lang='lat' dir='ltr'><strong>rerum,</strong></span> <span class='ocrx_word' id='word_1_198' title='bbox 729 3487 808 3549; x_wconf 87' lang='lat' dir='ltr'><strong>quas</strong></span> <span class='ocrx_word' id='word_1_199' title='bbox 834 3476 948 3528; x_wconf 87' lang='lat' dir='ltr'><strong>natura</strong></span> <span class='ocrx_word' id='word_1_200' title='bbox 975 3461 1227 3528; x_wconf 85' lang='lat' dir='ltr'><strong>substantialiter</strong></span> <span class='ocrx_word' id='word_1_201' title='bbox 1251 3461 1298 3525; x_wconf 85' lang='lat' dir='ltr'><strong>vel</strong></span> 
     </span>
     <span class='ocr_line' id='line_1_29' title="bbox 349 3561 1299 3650; baseline 0.001 -24"><span class='ocrx_word' id='word_1_202' title='bbox 349 3561 585 3628; x_wconf 87' lang='lat' dir='ltr'><strong>accidentaliter</strong></span> <span class='ocrx_word' id='word_1_203' title='bbox 606 3563 801 3643; x_wconf 87' lang='lat' dir='ltr'><strong>assimilavit,</strong></span> <span class='ocrx_word' id='word_1_204' title='bbox 821 3565 1074 3630; x_wconf 89' lang='lat' dir='ltr'><strong>conformitatem</strong></span> <span class='ocrx_word' id='word_1_205' title='bbox 1095 3567 1233 3650; x_wconf 89' lang='lat' dir='ltr'><strong>percipit</strong></span> <span class='ocrx_word' id='word_1_206' title='bbox 1254 3565 1299 3628; x_wconf 90' lang='lat' dir='ltr'><strong>in·</strong></span> 
     </span>
     <span class='ocr_line' id='line_1_30' title="bbox 351 3664 1297 3752; baseline 0 -23"><span class='ocrx_word' id='word_1_207' title='bbox 351 3664 507 3741; x_wconf 69' lang='lat' dir='ltr'><strong>tollemus,</strong></span> <span class='ocrx_word' id='word_1_208' title='bbox 551 3665 775 3729; x_wconf 89' lang='lat' dir='ltr'><strong>universalium</strong></span> <span class='ocrx_word' id='word_1_209' title='bbox 815 3666 1092 3752; x_wconf 80' lang='lat' dir='ltr'><strong>comprehensione</strong></span> <span class='ocrx_word' id='word_1_210' title='bbox 1130 3679 1297 3739; x_wconf 87' lang='lat' dir='ltr'><strong>movetur;</strong></span> 
     </span>
     <span class='ocr_line' id='line_1_31' title="bbox 350 3767 1297 3854; baseline 0.004 -25"><span class='ocrx_word' id='word_1_211' title='bbox 350 3789 448 3852; x_wconf 93' lang='lat' dir='ltr'><strong>quum</strong></span> <span class='ocrx_word' id='word_1_212' title='bbox 470 3790 546 3831; x_wconf 90' lang='lat' dir='ltr'><strong>vero</strong></span> <span class='ocrx_word' id='word_1_213' title='bbox 569 3767 717 3832; x_wconf 87' lang='lat' dir='ltr'><strong>similium</strong></span> <span class='ocrx_word' id='word_1_214' title='bbox 745 3768 940 3834; x_wconf 83' lang='lat' dir='ltr'><strong>differentias</strong></span> <span class='ocrx_word' id='word_1_215' title='bbox 966 3768 1079 3854; x_wconf 88' lang='lat' dir='ltr'><strong>agitat,</strong></span> <span class='ocrx_word' id='word_1_216' title='bbox 1100 3780 1225 3854; x_wconf 91' lang='lat' dir='ltr'><strong>quanto</strong></span> <span class='ocrx_word' id='word_1_217' title='bbox 1245 3789 1297 3833; x_wconf 84' lang='lat' dir='ltr'><strong>ex·</strong></span> 
     </span>
     <span class='ocr_line' id='line_1_32' title="bbox 351 3868 1298 3956; baseline 0.006 -26"><span class='ocrx_word' id='word_1_218' title='bbox 351 3868 501 3953; x_wconf 90' lang='lat' dir='ltr'><strong>pressius,</strong></span> <span class='ocrx_word' id='word_1_219' title='bbox 514 3881 603 3932; x_wconf 90' lang='lat' dir='ltr'><strong>tanto</strong></span> <span class='ocrx_word' id='word_1_220' title='bbox 618 3869 659 3932; x_wconf 92' lang='lat' dir='ltr'><strong>ad</strong></span> <span class='ocrx_word' id='word_1_221' title='bbox 675 3893 771 3955; x_wconf 88' lang='lat' dir='ltr'><strong>opera</strong></span> <span class='ocrx_word' id='word_1_222' title='bbox 786 3883 921 3947; x_wconf 83' lang='lat' dir='ltr'><strong>naturae,</strong></span> <span class='ocrx_word' id='word_1_223' title='bbox 938 3893 1013 3956; x_wconf 86' lang='lat' dir='ltr'><strong>quae</strong></span> <span class='ocrx_word' id='word_1_224' title='bbox 1028 3869 1203 3955; x_wconf 88' lang='lat' dir='ltr'><strong>singularia</strong></span> <span class='ocrx_word' id='word_1_225' title='bbox 1217 3884 1298 3947; x_wconf 88' lang='lat' dir='ltr'><strong>sunt,</strong></span> 
     </span>
     <span class='ocr_line' id='line_1_33' title="bbox 347 3967 1298 4057; baseline 0.002 -25"><span class='ocrx_word' id='word_1_226' title='bbox 347 3967 536 4032; x_wconf 86' lang='lat' dir='ltr'><strong>familiarius</strong></span> <span class='ocrx_word' id='word_1_227' title='bbox 550 3968 685 4049; x_wconf 88' lang='lat' dir='ltr'><strong>accedit,</strong></span> <span class='ocrx_word' id='word_1_228' title='bbox 699 3972 725 4033; x_wconf 93' lang='lat' dir='ltr'><strong>si</strong></span> <span class='ocrx_word' id='word_1_229' title='bbox 746 3971 957 4035; x_wconf 86' lang='lat' dir='ltr'><strong>substantiam</strong></span> <span class='ocrx_word' id='word_1_230' title='bbox 978 3971 1044 4035; x_wconf 92' lang='lat' dir='ltr'><strong>suis</strong></span> <span class='ocrx_word' id='word_1_231' title='bbox 1065 3971 1214 4034; x_wconf 82' lang='lat' dir='ltr'><strong>vestitam</strong></span> <span class='ocrx_word' id='word_1_232' title='bbox 1230 3992 1298 4057; x_wconf 90' lang='lat' dir='ltr'><strong>pro·</strong></span> 
     </span>
     <span class='ocr_line' id='line_1_34' title="bbox 349 4069 1296 4158; baseline 0.001 -24"><span class='ocrx_word' id='word_1_233' title='bbox 349 4071 542 4158; x_wconf 91' lang='lat' dir='ltr'><strong>prietatibus</strong></span> <span class='ocrx_word' id='word_1_234' title='bbox 556 4069 694 4155; x_wconf 90' lang='lat' dir='ltr'><strong>inspicit,</strong></span> <span class='ocrx_word' id='word_1_235' title='bbox 710 4095 729 4135; x_wconf 90' lang='lat' dir='ltr'><strong>a</strong></span> <span class='ocrx_word' id='word_1_236' title='bbox 744 4085 868 4136; x_wconf 84' lang='lat' dir='ltr'><strong>naturae</strong></span> <span class='ocrx_word' id='word_1_237' title='bbox 883 4075 1063 4139; x_wconf 88' lang='lat' dir='ltr'><strong>conditione</strong></span> <span class='ocrx_word' id='word_1_238' title='bbox 1078 4097 1141 4138; x_wconf 89' lang='lat' dir='ltr'><strong>non</strong></span> <span class='ocrx_word' id='word_1_239' title='bbox 1159 4073 1296 4139; x_wconf 87' lang='lat' dir='ltr'><strong>divertit.</strong></span> 
     </span>
     <span class='ocr_line' id='line_1_35' title="bbox 348 4171 1296 4261; baseline -0.002 -22"><span class='ocrx_word' id='word_1_240' title='bbox 348 4174 404 4240; x_wconf 87' lang='lat' dir='ltr'><strong>Sin</strong></span> <span class='ocrx_word' id='word_1_241' title='bbox 418 4185 525 4238; x_wconf 89' lang='lat' dir='ltr'><strong>autem</strong></span> <span class='ocrx_word' id='word_1_242' title='bbox 540 4171 683 4236; x_wconf 89' lang='lat' dir='ltr'><strong>detracta</strong></span> <span class='ocrx_word' id='word_1_243' title='bbox 698 4173 811 4259; x_wconf 90' lang='lat' dir='ltr'><strong>specie,</strong></span> <span class='ocrx_word' id='word_1_244' title='bbox 827 4197 895 4237; x_wconf 90' lang='lat' dir='ltr'><strong>eam</strong></span> <span class='ocrx_word' id='word_1_245' title='bbox 912 4176 1004 4261; x_wconf 87' lang='lat' dir='ltr'><strong>quasi</strong></span> <span class='ocrx_word' id='word_1_246' title='bbox 1019 4176 1197 4241; x_wconf 89' lang='lat' dir='ltr'><strong>formarum</strong></span> <span class='ocrx_word' id='word_1_247' title='bbox 1212 4173 1296 4240; x_wconf 86' lang='lat' dir='ltr'><strong>exuit</strong></span> 
     </span>
     <span class='ocr_line' id='line_1_36' title="bbox 349 4272 1296 4359; baseline -0.001 -21"><span class='ocrx_word' id='word_1_248' title='bbox 349 4274 548 4351; x_wconf 77' lang='lat' dir='ltr'><strong>vestimento,</strong></span> <span class='ocrx_word' id='word_1_249' title='bbox 570 4295 700 4339; x_wconf 90' lang='lat' dir='ltr'><strong>acumen</strong></span> <span class='ocrx_word' id='word_1_250' title='bbox 723 4272 851 4359; x_wconf 90' lang='lat' dir='ltr'><strong>quidem</strong></span> <span class='ocrx_word' id='word_1_251' title='bbox 871 4298 961 4339; x_wconf 90' lang='lat' dir='ltr'><strong>sunm</strong></span> <span class='ocrx_word' id='word_1_252' title='bbox 985 4289 1122 4356; x_wconf 83' lang='lat' dir='ltr'><strong>exercet,</strong></span> <span class='ocrx_word' id='word_1_253' title='bbox 1141 4288 1175 4342; x_wconf 89' lang='lat' dir='ltr'><strong>et</strong></span> <span class='ocrx_word' id='word_1_254' title='bbox 1196 4295 1296 4340; x_wconf 85' lang='lat' dir='ltr'><strong>rernm</strong></span> 
     </span>
    </p>
   </div>
   <div class='ocr_carea' id='block_1_3' title="bbox 0 0 1665 5309">
    <p class='ocr_par' dir='ltr' id='par_1_3' title="bbox 0 0 1665 5309">
     <span class='ocr_line' id='line_1_37' title="bbox 0 0 1665 5309; baseline 0 0"><span class='ocrx_word' id='word_1_255' title='bbox 0 0 1665 5309; x_wconf 95' lang='lat' dir='ltr'><strong> </strong></span> 
     </span>
    </p>
   </div>
  </div>
 </body>
</html>
