3309 5309
345 670 493 750 car.v1.]
717 685 973 731 retucuamcus.
1235 674 1295 732 281
1376 690 1382 702 ·

347 837 554 903 Exteriorum
577 857 714 922 namque
736 836 851 901 notitia
875 836 958 901 oculi
979 848 1011 900 et
1035 835 1121 900 auris
1143 838 1296 923 obsequio

347 939 527 1006 fidelissime
543 940 655 1005 transit
670 939 710 1002 ad
728 939 875 1014 animam,
891 951 923 1003 et
938 939 1101 1004 thesauros
1119 940 1224 1005 cordis
1239 963 1296 1004 sae·

347 1043 421 1129 pius
437 1042 548 1127 lingua
561 1042 690 1106 incauta
703 1040 871 1127 dispergit.
915 1041 1009 1118 Quod
1027 1064 1102 1105 vero
1120 1041 1251 1108 audieus
1265 1053 1298 1107 et

349 1143 462 1209 videns
490 1143 619 1229 adjecit,
648 1141 799 1228 sapientis
824 1140 984 1226 judicium
1013 1143 1176 1229 exprimit,
1200 1143 1299 1228 juxta

311 1268 327 1283 ··
349 1245 449 1310 illud:
480 1243 599 1309 Beatus
619 1244 676 1330 qui
698 1242 842 1329 loquitur
861 1242 893 1305 in
914 1265 991 1306 aure
1011 1243 1179 1309 audientis.
1224 1245 1299 1308 Non

349 1348 460 1434 itaque
477 1346 691 1412 beatificatum
708 1368 741 1409 se
754 1344 833 1408 dicit
851 1343 967 1429 linguis
987 1343 1160 1422 hominum,
1176 1369 1251 1432 quae
1266 1346 1299 1409 in

350 1450 536 1516 alterutram
557 1462 681 1535 partem
695 1447 743 1512 vel
760 1469 878 1525 amore,
894 1446 943 1510 vel
957 1447 1032 1511 odio
1046 1447 1229 1534 frequenter
1242 1449 1301 1512 im-

351 1551 525 1639 pelluntur.
550 1550 676 1615 Sufficit
685 1550 713 1615 ei
726 1549 944 1615 testimonium
953 1548 1160 1629 conscientiae,
1170 1572 1302 1636 proeser·

353 1658 409 1719 tim
420 1676 521 1740 quum
530 1653 714 1718 roboratum
725 1653 765 1718 sit
773 1651 898 1736 judicio
907 1650 1095 1737 sapientum.
1117 1650 1302 1736 Eo,inquit,

353 1754 440 1841 quod
452 1755 631 1819 liberassem
647 1752 1015 1839 pauperem,pupillum,
1026 1762 1058 1816 et
1066 1752 1258 1839 periturum,
1269 1763 1302 1817 et
1346 1776 1349 1779 ·

353 1858 534 1923 consolatus
543 1881 612 1922 sum
623 1880 677 1921 cor
688 1856 804 1922 viduoe.
831 1856 870 1920 In
882 1855 933 1920 his
944 1855 1027 1920 enim
1040 1856 1178 1921 maxime
1187 1855 1305 1941 princi-

354 1960 435 2046 palis
449 1959 547 2024 claret
561 1960 749 2035 auctoritas,
758 1980 834 2044 quoe
848 1980 868 2021 a
883 1958 1022 2022 Domino
1032 1958 1181 2024 instituta
1188 1975 1248 2035 est,
1262 1957 1305 2022 ad

356 2047 487 2148 injurias
507 2059 749 2148 propulsandas.
795 2063 877 2125 Haec
900 2060 1028 2146 quidem
1043 2083 1141 2146 opera
1157 2073 1232 2126 sunt
1247 2059 1306 2124 mi·

358 2165 547 2237 sericordiae,
570 2175 602 2228 et
616 2166 677 2228 erit
700 2186 813 2227 nomen
837 2163 961 2249 agentis
978 2186 1026 2238 ea,
1049 2162 1252 2229 benedictum
1272 2161 1307 2226 in

358 2265 472 2330 secula.
517 2265 581 2332 Sed
611 2289 668 2329 nec
697 2266 807 2330 credas
836 2288 908 2329 eum
939 2266 1114 2332 remissiore
1141 2265 1308 2331 elementia

358 2368 445 2432 vitiis
460 2368 623 2433 audaciam
643 2367 846 2455 praestitisse:
872 2368 1018 2446 Juatitia,
1037 2368 1151 2457 inquit,
1173 2369 1309 2435 indutus

359 2492 441 2546 sum,
456 2487 489 2535 et
504 2469 683 2534 diademate
702 2470 827 2557 judicio
854 2492 933 2533 meo.
980 2473 1118 2536 Causam
1141 2494 1239 2556 quarn
1254 2493 1309 2534 ne·

360 2571 506 2653 sciebam,
528 2571 767 2657 diligentissime
786 2571 1028 2653 investigabam.
1074 2571 1210 2656 Oportet
1225 2571 1309 2633 enim

355 2672 497 2758 judicem
520 2686 634 2738 cuncta
656 2672 775 2745 rimari,
797 2682 830 2733 et
852 2668 996 2734 ordinem
1018 2692 1122 2734 rerum
1148 2674 1242 2755 plena
1263 2669 1312 2734 in·

361 2775 531 2860 quisitione
555 2775 724 2848 discutere,
750 2793 808 2834 nec
829 2781 903 2834 ante
928 2770 1057 2834 obviare
1082 2771 1187 2850 alicui,
1214 2792 1312 2858 quam

360 2899 455 2942 causa
470 2879 510 2939 sit
525 2872 675 2957 legitimis
689 2871 866 2936 rationibus
880 2871 1058 2958 plenissime
1073 2873 1217 2938 limitata.
1262 2873 1311 2937 Ut

360 2979 443 3043 enim
461 2976 505 3039 ait
520 2974 655 3052 ethicus,
676 2973 717 3037 ad
740 2974 960 3059 poenitendnm
984 2989 1144 3061 properat,
1166 2974 1312 3061 quisquis

358 3080 426 3144 cito
451 3073 587 3162 judicat.
646 3076 856 3140 conterebam
883 3076 981 3141 molas
1005 3075 1119 3162 iniqui.
1175 3079 1313 3161 Iniquus

360 3191 421 3259 est,
447 3176 594 3262 quisquis
620 3176 652 3238 in
671 3176 803 3262 judiciis
833 3177 978 3261 sequitur
1004 3199 1064 3241 non
1095 3197 1234 3257 causam,
1257 3175 1313 3240 sed

362 3279 513 3366 praedam.
558 3278 623 3353 Qui
653 3281 697 3343 sio
726 3300 860 3342 munera
887 3277 1003 3362 diligit,
1026 3290 1061 3345 ut
1084 3288 1237 3364 sequatur
1266 3300 1315 3342 re-

363 3380 562 3446 tributiones.
607 3381 653 3445 Et
675 3380 748 3444 licet
771 3403 900 3466 aeqnum
924 3384 977 3457 sit,
1000 3380 1087 3467 quod
1110 3379 1250 3445 decernit
1272 3379 1314 3444 ad

363 3483 516 3570 pretium,
538 3482 678 3546 avaritiae
699 3482 836 3546 serviens
851 3483 957 3568 pergit
972 3486 1005 3547 in
1028 3496 1173 3550 mortem.
1217 3482 1315 3548 Unde

366 3586 530 3672 seqniturt
558 3585 603 3649 Et
626 3585 666 3648 de
689 3583 840 3648 dentibus
854 3584 940 3649 illius
960 3585 1141 3651 auferebam
1163 3585 1316 3672 praedam,

366 3688 596 3772 dicebamque:
621 3690 658 3751 ln
684 3686 797 3750 nidulo
827 3709 897 3750 meo
922 3688 1047 3752 moriar.
1091 3693 1235 3754 Mentem
1256 3688 1317 3753 ita·

368 3813 431 3876 que
467 3800 697 3876 composuerat,
728 3788 784 3875 qui
812 3812 918 3853 rerum
949 3812 1077 3854 suarum
1107 3790 1318 3877 amplitudine

368 3902 536 3955 contentus
551 3902 628 3954 erat.
674 3894 742 3955 Nec
757 3891 901 3956 avaritiae
921 3905 978 3956 aut
992 3892 1174 3958 ambitionis
1188 3891 1318 3958 stimulo

369 3992 555 4076 urgebatur,
565 4004 603 4055 ut
614 3991 744 4055 domum
757 3991 880 4070 domni,
890 4017 1003 4079 agrum
1015 3995 1318 4080 agroconjungeret,

369 4116 472 4178 usque
487 4092 526 4156 ad
543 4093 694 4158 terminos
706 4094 777 4170 loci,
792 4118 830 4159 ac
845 4099 871 4159 si
886 4095 972 4161 solus
982 4097 1185 4161 habitaturus
1195 4104 1276 4156 esset
1284 4092 1318 4155 in

370 4192 534 4278 superficie
555 4207 656 4259 terrae.
704 4193 746 4259 Et
770 4197 852 4261 sicut
874 4196 981 4280 palma
1000 4192 1220 4280 multiplicabo
1239 4191 1319 4257 dies.

370 4295 453 4357 Rem
471 4292 708 4358 admirandam!
733 4294 919 4359 Aristoteles
938 4297 971 4359 in
986 4295 1122 4381 septimo
1143 4291 1318 4378 problema-
