<?xml version="1.0" encoding="UTF-8"?>
<!DOCTYPE html PUBLIC "-//W3C//DTD XHTML 1.0 Transitional//EN"
    "http://www.w3.org/TR/xhtml1/DTD/xhtml1-transitional.dtd">
<html xmlns="http://www.w3.org/1999/xhtml" xml:lang="en" lang="en">
 <head>
  <title>
</title>
<meta http-equiv="Content-Type" content="text/html;charset=utf-8" />
  <meta name='ocr-system' content='tesseract 3.04.00' />
  <meta name='ocr-capabilities' content='ocr_page ocr_carea ocr_par ocr_line ocrx_word'/>
</head>
<body>
  <div class='ocr_page' id='page_1' title='image "./joannissaresber04johngoog_0117.png"; bbox 0 0 3309 5309; ppageno 0'>
   <div class='ocr_carea' id='block_1_1' title="bbox 207 643 1159 717">
    <p class='ocr_par' dir='ltr' id='par_1_1' title="bbox 207 643 1159 717">
     <span class='ocr_line' id='line_1_1' title="bbox 207 643 1159 717; baseline 0.007 -15"><span class='ocrx_word' id='word_1_1' title='bbox 207 659 278 707; x_wconf 73' lang='lat' dir='ltr'>cae.</span> <span class='ocrx_word' id='word_1_2' title='bbox 293 643 381 717; x_wconf 64' lang='lat' dir='ltr'>ara]</span> <span class='ocrx_word' id='word_1_3' title='bbox 551 661 804 707; x_wconf 78' lang='lat' dir='ltr'>rourormrrcus.</span> <span class='ocrx_word' id='word_1_4' title='bbox 1102 650 1159 709; x_wconf 86' lang='grc'>101</span> 
     </span>
    </p>
   </div>
   <div class='ocr_carea' id='block_1_2' title="bbox 202 809 1162 4352">
    <p class='ocr_par' dir='ltr' id='par_1_2' title="bbox 202 809 1162 4352">
     <span class='ocr_line' id='line_1_2' title="bbox 207 809 1160 894; baseline 0.007 -23"><span class='ocrx_word' id='word_1_5' title='bbox 207 830 338 894; x_wconf 91' lang='lat' dir='ltr'>quoque</span> <span class='ocrx_word' id='word_1_6' title='bbox 352 812 562 875; x_wconf 85' lang='lat' dir='ltr'>communiter</span> <span class='ocrx_word' id='word_1_7' title='bbox 576 811 672 874; x_wconf 91' lang='lat' dir='ltr'>solem</span> <span class='ocrx_word' id='word_1_8' title='bbox 694 809 807 876; x_wconf 89' lang='lat' dir='ltr'>caloris</span> <span class='ocrx_word' id='word_1_9' title='bbox 827 823 990 876; x_wconf 83' lang='lat' dir='ltr'><strong>auctorem</strong></span> <span class='ocrx_word' id='word_1_10' title='bbox 1007 835 1086 890; x_wconf 90' lang='lat' dir='ltr'>esse,</span> <span class='ocrx_word' id='word_1_11' title='bbox 1100 813 1160 878; x_wconf 93' lang='lat' dir='ltr'>hu-</span> 
     </span>
     <span class='ocr_line' id='line_1_3' title="bbox 207 913 1160 999; baseline 0.008 -29"><span class='ocrx_word' id='word_1_12' title='bbox 207 921 655 995; x_wconf 83' lang='lat' dir='ltr'>morumqueaugmentum,et</span> <span class='ocrx_word' id='word_1_13' title='bbox 666 913 838 992; x_wconf 81' lang='lat' dir='ltr'>defectum,</span> <span class='ocrx_word' id='word_1_14' title='bbox 850 914 999 999; x_wconf 92' lang='lat' dir='ltr'>quoniam</span> <span class='ocrx_word' id='word_1_15' title='bbox 1006 913 1038 977; x_wconf 93' lang='lat' dir='ltr'>id</span> <span class='ocrx_word' id='word_1_16' title='bbox 1049 937 1160 979; x_wconf 92' lang='lat' dir='ltr'>sensus</span> 
     </span>
     <span class='ocr_line' id='line_1_4' title="bbox 206 1010 1157 1094; baseline 0.007 -24"><span class='ocrx_word' id='word_1_17' title='bbox 206 1010 332 1094; x_wconf 90' lang='lat' dir='ltr'>probat,</span> <span class='ocrx_word' id='word_1_18' title='bbox 344 1013 443 1076; x_wconf 91' lang='lat' dir='ltr'>motui</span> <span class='ocrx_word' id='word_1_19' title='bbox 456 1013 559 1077; x_wconf 90' lang='lat' dir='ltr'>lunari</span> <span class='ocrx_word' id='word_1_20' title='bbox 571 1013 822 1090; x_wconf 88' lang='lat' dir='ltr'>accommodant,</span> <span class='ocrx_word' id='word_1_21' title='bbox 834 1028 866 1077; x_wconf 91' lang='lat' dir='ltr'>et</span> <span class='ocrx_word' id='word_1_22' title='bbox 877 1014 911 1076; x_wconf 92' lang='lat' dir='ltr'>in</span> <span class='ocrx_word' id='word_1_23' title='bbox 927 1015 1012 1078; x_wconf 91' lang='lat' dir='ltr'>hunc</span> <span class='ocrx_word' id='word_1_24' title='bbox 1028 1013 1157 1077; x_wconf 86' lang='lat' dir='ltr'>modurn</span> 
     </span>
     <span class='ocr_line' id='line_1_5' title="bbox 206 1108 1158 1201; baseline 0.007 -30"><span class='ocrx_word' id='word_1_25' title='bbox 206 1108 354 1194; x_wconf 89' lang='lat' dir='ltr'>plurima.</span> <span class='ocrx_word' id='word_1_26' title='bbox 402 1115 563 1178; x_wconf 70' lang='lat' dir='ltr'>Caeterum</span> <span class='ocrx_word' id='word_1_27' title='bbox 590 1114 751 1193; x_wconf 86' lang='lat' dir='ltr'>mathesis,</span> <span class='ocrx_word' id='word_1_28' title='bbox 773 1138 848 1200; x_wconf 87' lang='lat' dir='ltr'>quae</span> <span class='ocrx_word' id='word_1_29' title='bbox 876 1116 1061 1180; x_wconf 88' lang='lat' dir='ltr'>futurorum</span> <span class='ocrx_word' id='word_1_30' title='bbox 1088 1114 1158 1201; x_wconf 83' lang='lat' dir='ltr'>pol·</span> 
     </span>
     <span class='ocr_line' id='line_1_6' title="bbox 205 1212 1158 1305; baseline 0.009 -32"><span class='ocrx_word' id='word_1_31' title='bbox 205 1212 320 1276; x_wconf 85' lang='lat' dir='ltr'>licetur</span> <span class='ocrx_word' id='word_1_32' title='bbox 334 1214 504 1298; x_wconf 87' lang='lat' dir='ltr'>judicium,</span> <span class='ocrx_word' id='word_1_33' title='bbox 525 1222 565 1282; x_wconf 90' lang='lat' dir='ltr'>ab</span> <span class='ocrx_word' id='word_1_34' title='bbox 588 1218 748 1281; x_wconf 91' lang='lat' dir='ltr'>elementis</span> <span class='ocrx_word' id='word_1_35' title='bbox 769 1217 979 1304; x_wconf 81' lang='lat' dir='ltr'>philosophiae</span> <span class='ocrx_word' id='word_1_36' title='bbox 1002 1218 1055 1298; x_wconf 90' lang='lat' dir='ltr'>(ut</span> <span class='ocrx_word' id='word_1_37' title='bbox 1076 1241 1158 1305; x_wconf 83' lang='lat' dir='ltr'>prae·</span> 
     </span>
     <span class='ocr_line' id='line_1_7' title="bbox 205 1311 1157 1406; baseline 0.011 -31"><span class='ocrx_word' id='word_1_38' title='bbox 205 1311 329 1377; x_wconf 91' lang='lat' dir='ltr'>dictum</span> <span class='ocrx_word' id='word_1_39' title='bbox 352 1317 412 1396; x_wconf 90' lang='lat' dir='ltr'>est)</span> <span class='ocrx_word' id='word_1_40' title='bbox 436 1319 563 1382; x_wconf 91' lang='lat' dir='ltr'>trahens</span> <span class='ocrx_word' id='word_1_41' title='bbox 588 1319 753 1404; x_wconf 86' lang='lat' dir='ltr'>originem,</span> <span class='ocrx_word' id='word_1_42' title='bbox 776 1324 862 1384; x_wconf 92' lang='lat' dir='ltr'>ultra</span> <span class='ocrx_word' id='word_1_43' title='bbox 886 1320 1103 1406; x_wconf 84' lang='lat' dir='ltr'>progreditur,</span> <span class='ocrx_word' id='word_1_44' title='bbox 1125 1334 1157 1386; x_wconf 92' lang='lat' dir='ltr'>et</span> 
     </span>
     <span class='ocr_line' id='line_1_8' title="bbox 204 1412 1158 1507; baseline 0.01 -31"><span class='ocrx_word' id='word_1_45' title='bbox 204 1412 351 1480; x_wconf 88' lang='lat' dir='ltr'>elationis</span> <span class='ocrx_word' id='word_1_46' title='bbox 374 1439 439 1483; x_wconf 88' lang='lat' dir='ltr'>suae</span> <span class='ocrx_word' id='word_1_47' title='bbox 461 1421 649 1501; x_wconf 83' lang='lat' dir='ltr'>temeritate,</span> <span class='ocrx_word' id='word_1_48' title='bbox 672 1422 703 1484; x_wconf 96' lang='lat' dir='ltr'>in</span> <span class='ocrx_word' id='word_1_49' title='bbox 728 1421 972 1506; x_wconf 86' lang='lat' dir='ltr'>praerogativam</span> <span class='ocrx_word' id='word_1_50' title='bbox 995 1421 1063 1504; x_wconf 89' lang='lat' dir='ltr'>ejus</span> <span class='ocrx_word' id='word_1_51' title='bbox 1085 1445 1158 1507; x_wconf 90' lang='lat' dir='ltr'>pro-</span> 
     </span>
     <span class='ocr_line' id='line_1_9' title="bbox 204 1517 1160 1608; baseline 0.01 -30"><span class='ocrx_word' id='word_1_52' title='bbox 204 1517 339 1601; x_wconf 90' lang='lat' dir='ltr'>rumpit,</span> <span class='ocrx_word' id='word_1_53' title='bbox 367 1519 422 1604; x_wconf 92' lang='lat' dir='ltr'>qui</span> <span class='ocrx_word' id='word_1_54' title='bbox 452 1520 559 1584; x_wconf 89' lang='lat' dir='ltr'>stellas</span> <span class='ocrx_word' id='word_1_55' title='bbox 587 1535 744 1597; x_wconf 88' lang='lat' dir='ltr'>numerat,</span> <span class='ocrx_word' id='word_1_56' title='bbox 771 1544 908 1607; x_wconf 91' lang='lat' dir='ltr'>quarum</span> <span class='ocrx_word' id='word_1_57' title='bbox 939 1521 1005 1608; x_wconf 91' lang='lat' dir='ltr'>ipse</span> <span class='ocrx_word' id='word_1_58' title='bbox 1032 1524 1160 1588; x_wconf 89' lang='lat' dir='ltr'>nomina</span> 
     </span>
     <span class='ocr_line' id='line_1_10' title="bbox 205 1616 1160 1708; baseline 0.008 -28"><span class='ocrx_word' id='word_1_59' title='bbox 205 1616 305 1696; x_wconf 90' lang='lat' dir='ltr'>solus,</span> <span class='ocrx_word' id='word_1_60' title='bbox 325 1618 424 1703; x_wconf 88' lang='lat' dir='ltr'>signa,</span> <span class='ocrx_word' id='word_1_61' title='bbox 444 1632 627 1708; x_wconf 84' lang='lat' dir='ltr'>potestates,</span> <span class='ocrx_word' id='word_1_62' title='bbox 647 1646 769 1699; x_wconf 92' lang='lat' dir='ltr'>cursus,</span> <span class='ocrx_word' id='word_1_63' title='bbox 789 1622 868 1699; x_wconf 90' lang='lat' dir='ltr'>loca,</span> <span class='ocrx_word' id='word_1_64' title='bbox 889 1635 1044 1708; x_wconf 89' lang='lat' dir='ltr'>tempora,</span> <span class='ocrx_word' id='word_1_65' title='bbox 1061 1628 1160 1690; x_wconf 87' lang='lat' dir='ltr'>novit.</span> 
     </span>
     <span class='ocr_line' id='line_1_11' title="bbox 207 1719 1161 1808; baseline 0.01 -27"><span class='ocrx_word' id='word_1_66' title='bbox 207 1719 363 1794; x_wconf 82' lang='lat' dir='ltr'>Quoniam</span> <span class='ocrx_word' id='word_1_67' title='bbox 386 1722 446 1785; x_wconf 90' lang='lat' dir='ltr'>hoc</span> <span class='ocrx_word' id='word_1_68' title='bbox 468 1725 572 1808; x_wconf 91' lang='lat' dir='ltr'>ipsum</span> <span class='ocrx_word' id='word_1_69' title='bbox 594 1724 795 1788; x_wconf 87' lang='lat' dir='ltr'>astronomiae</span> <span class='ocrx_word' id='word_1_70' title='bbox 821 1746 889 1788; x_wconf 87' lang='lat' dir='ltr'>suae</span> <span class='ocrx_word' id='word_1_71' title='bbox 915 1722 1078 1804; x_wconf 84' lang='lat' dir='ltr'>beneficio,</span> <span class='ocrx_word' id='word_1_72' title='bbox 1100 1726 1161 1791; x_wconf 91' lang='lat' dir='ltr'>sibi</span> 
     </span>
     <span class='ocr_line' id='line_1_12' title="bbox 206 1823 1161 1912; baseline 0.006 -26"><span class='ocrx_word' id='word_1_73' title='bbox 206 1823 387 1908; x_wconf 84' lang='lat' dir='ltr'>astrologus</span> <span class='ocrx_word' id='word_1_74' title='bbox 406 1826 611 1912; x_wconf 86' lang='lat' dir='ltr'>repromittit.</span> <span class='ocrx_word' id='word_1_75' title='bbox 656 1830 823 1912; x_wconf 89' lang='lat' dir='ltr'>Tantoque</span> <span class='ocrx_word' id='word_1_76' title='bbox 844 1826 972 1912; x_wconf 88' lang='lat' dir='ltr'>longius</span> <span class='ocrx_word' id='word_1_77' title='bbox 989 1851 1009 1891; x_wconf 88' lang='lat' dir='ltr'>a</span> <span class='ocrx_word' id='word_1_78' title='bbox 1030 1828 1161 1892; x_wconf 88' lang='lat' dir='ltr'>scientia</span> 
     </span>
     <span class='ocr_line' id='line_1_13' title="bbox 205 1925 1161 2018; baseline 0.008 -32"><span class='ocrx_word' id='word_1_79' title='bbox 205 1925 348 1988; x_wconf 86' lang='lat' dir='ltr'>veritatis</span> <span class='ocrx_word' id='word_1_80' title='bbox 363 1927 520 2008; x_wconf 90' lang='lat' dir='ltr'>aberrant,</span> <span class='ocrx_word' id='word_1_81' title='bbox 537 1941 659 2012; x_wconf 83' lang='lat' dir='ltr'>quanto</span> <span class='ocrx_word' id='word_1_82' title='bbox 674 1929 714 1993; x_wconf 93' lang='lat' dir='ltr'>ad</span> <span class='ocrx_word' id='word_1_83' title='bbox 730 1953 797 1992; x_wconf 91' lang='lat' dir='ltr'>eam</span> <span class='ocrx_word' id='word_1_84' title='bbox 815 1927 971 1993; x_wconf 92' lang='lat' dir='ltr'>tumidius</span> <span class='ocrx_word' id='word_1_85' title='bbox 986 1933 1161 2018; x_wconf 87' lang='lat' dir='ltr'>irrumpere</span> 
     </span>
     <span class='ocr_line' id='line_1_14' title="bbox 206 2024 1159 2116; baseline 0.01 -29"><span class='ocrx_word' id='word_1_86' title='bbox 206 2024 392 2092; x_wconf 87' lang='lat' dir='ltr'>moliuntur.</span> <span class='ocrx_word' id='word_1_87' title='bbox 449 2031 620 2115; x_wconf 90' lang='lat' dir='ltr'>Signorum</span> <span class='ocrx_word' id='word_1_88' title='bbox 655 2054 733 2116; x_wconf 88' lang='lat' dir='ltr'>ergo</span> <span class='ocrx_word' id='word_1_89' title='bbox 768 2043 914 2095; x_wconf 91' lang='lat' dir='ltr'>naturam</span> <span class='ocrx_word' id='word_1_90' title='bbox 950 2031 1159 2109; x_wconf 65' lang='lat' dir='ltr'>revolventes,</span> 
     </span>
     <span class='ocr_line' id='line_1_15' title="bbox 205 2131 1160 2220; baseline 0.012 -31"><span class='ocrx_word' id='word_1_91' title='bbox 205 2142 303 2211; x_wconf 91' lang='lat' dir='ltr'>prout</span> <span class='ocrx_word' id='word_1_92' title='bbox 318 2153 386 2193; x_wconf 89' lang='lat' dir='ltr'>eam</span> <span class='ocrx_word' id='word_1_93' title='bbox 401 2131 483 2196; x_wconf 86' lang='lat' dir='ltr'>forte</span> <span class='ocrx_word' id='word_1_94' title='bbox 503 2145 667 2210; x_wconf 88' lang='lat' dir='ltr'>noverant,</span> <span class='ocrx_word' id='word_1_95' title='bbox 685 2132 761 2196; x_wconf 90' lang='lat' dir='ltr'>dum</span> <span class='ocrx_word' id='word_1_96' title='bbox 784 2132 816 2196; x_wconf 91' lang='lat' dir='ltr'>in</span> <span class='ocrx_word' id='word_1_97' title='bbox 836 2132 936 2197; x_wconf 89' lang='lat' dir='ltr'>stellis</span> <span class='ocrx_word' id='word_1_98' title='bbox 956 2135 1160 2220; x_wconf 90' lang='lat' dir='ltr'>comparibus</span> 
     </span>
     <span class='ocr_line' id='line_1_16' title="bbox 207 2225 1159 2318; baseline 0.011 -28"><span class='ocrx_word' id='word_1_99' title='bbox 207 2225 412 2307; x_wconf 81' lang='lat' dir='ltr'>fluctuarent,</span> <span class='ocrx_word' id='word_1_100' title='bbox 433 2231 494 2294; x_wconf 92' lang='lat' dir='ltr'>alia</span> <span class='ocrx_word' id='word_1_101' title='bbox 513 2231 623 2296; x_wconf 90' lang='lat' dir='ltr'>dicunt</span> <span class='ocrx_word' id='word_1_102' title='bbox 644 2233 807 2298; x_wconf 82' lang='lat' dir='ltr'>masculini</span> <span class='ocrx_word' id='word_1_103' title='bbox 826 2234 961 2318; x_wconf 90' lang='lat' dir='ltr'>generis,</span> <span class='ocrx_word' id='word_1_104' title='bbox 977 2235 1040 2298; x_wconf 90' lang='lat' dir='ltr'>alia</span> <span class='ocrx_word' id='word_1_105' title='bbox 1060 2236 1159 2300; x_wconf 87' lang='lat' dir='ltr'>saemi·</span> 
     </span>
     <span class='ocr_line' id='line_1_17' title="bbox 207 2327 1161 2419; baseline 0.012 -28"><span class='ocrx_word' id='word_1_106' title='bbox 207 2327 286 2409; x_wconf 89' lang='lat' dir='ltr'>nini,</span> <span class='ocrx_word' id='word_1_107' title='bbox 301 2344 468 2417; x_wconf 87' lang='lat' dir='ltr'>essentque</span> <span class='ocrx_word' id='word_1_108' title='bbox 483 2331 615 2397; x_wconf 85' lang='lat' dir='ltr'>forsitan</span> <span class='ocrx_word' id='word_1_109' title='bbox 631 2334 845 2419; x_wconf 90' lang='lat' dir='ltr'>multiplicata</span> <span class='ocrx_word' id='word_1_110' title='bbox 859 2356 916 2419; x_wconf 92' lang='lat' dir='ltr'>per</span> <span class='ocrx_word' id='word_1_111' title='bbox 935 2335 1085 2417; x_wconf 86' lang='lat' dir='ltr'>sobolem,</span> <span class='ocrx_word' id='word_1_112' title='bbox 1099 2339 1161 2402; x_wconf 90' lang='lat' dir='ltr'>nisi</span> 
     </span>
     <span class='ocr_line' id='line_1_18' title="bbox 208 2429 1159 2522; baseline 0.011 -30"><span class='ocrx_word' id='word_1_113' title='bbox 208 2429 286 2515; x_wconf 91' lang='lat' dir='ltr'>quia</span> <span class='ocrx_word' id='word_1_114' title='bbox 306 2431 471 2496; x_wconf 88' lang='lat' dir='ltr'>dissociata</span> <span class='ocrx_word' id='word_1_115' title='bbox 491 2432 567 2497; x_wconf 91' lang='lat' dir='ltr'>locis</span> <span class='ocrx_word' id='word_1_116' title='bbox 587 2432 619 2496; x_wconf 93' lang='lat' dir='ltr'>in</span> <span class='ocrx_word' id='word_1_117' title='bbox 640 2435 726 2498; x_wconf 93' lang='lat' dir='ltr'>coitu</span> <span class='ocrx_word' id='word_1_118' title='bbox 743 2436 911 2498; x_wconf 87' lang='lat' dir='ltr'>convenire</span> <span class='ocrx_word' id='word_1_119' title='bbox 932 2457 994 2498; x_wconf 94' lang='lat' dir='ltr'>non</span> <span class='ocrx_word' id='word_1_120' title='bbox 1015 2451 1159 2522; x_wconf 90' lang='lat' dir='ltr'>possunt.</span> 
     </span>
     <span class='ocr_line' id='line_1_19' title="bbox 206 2531 1161 2621; baseline 0.006 -26"><span class='ocrx_word' id='word_1_121' title='bbox 206 2531 410 2598; x_wconf 89' lang='lat' dir='ltr'>Planetarum</span> <span class='ocrx_word' id='word_1_122' title='bbox 434 2557 562 2621; x_wconf 87' lang='lat' dir='ltr'>quoque</span> <span class='ocrx_word' id='word_1_123' title='bbox 577 2535 716 2617; x_wconf 90' lang='lat' dir='ltr'>consilia,</span> <span class='ocrx_word' id='word_1_124' title='bbox 730 2536 882 2621; x_wconf 90' lang='lat' dir='ltr'>quoniam</span> <span class='ocrx_word' id='word_1_125' title='bbox 904 2548 936 2598; x_wconf 91' lang='lat' dir='ltr'>et</span> <span class='ocrx_word' id='word_1_126' title='bbox 955 2536 1040 2599; x_wconf 93' lang='lat' dir='ltr'>orbis</span> <span class='ocrx_word' id='word_1_127' title='bbox 1054 2538 1161 2601; x_wconf 85' lang='lat' dir='ltr'>mode·</span> 
     </span>
     <span class='ocr_line' id='line_1_20' title="bbox 207 2636 1160 2723; baseline 0.006 -27"><span class='ocrx_word' id='word_1_128' title='bbox 207 2646 328 2700; x_wconf 87' lang='lat' dir='ltr'>ratores</span> <span class='ocrx_word' id='word_1_129' title='bbox 345 2661 398 2702; x_wconf 91' lang='lat' dir='ltr'>eos</span> <span class='ocrx_word' id='word_1_130' title='bbox 413 2638 542 2716; x_wconf 90' lang='lat' dir='ltr'>habent,</span> <span class='ocrx_word' id='word_1_131' title='bbox 560 2637 729 2723; x_wconf 89' lang='lat' dir='ltr'>diligenter</span> <span class='ocrx_word' id='word_1_132' title='bbox 749 2637 927 2723; x_wconf 88' lang='lat' dir='ltr'>explorant,</span> <span class='ocrx_word' id='word_1_133' title='bbox 946 2636 1035 2723; x_wconf 94' lang='lat' dir='ltr'>quod</span> <span class='ocrx_word' id='word_1_134' title='bbox 1056 2661 1096 2701; x_wconf 86' lang='lat' dir='ltr'>ex</span> <span class='ocrx_word' id='word_1_135' title='bbox 1114 2639 1160 2702; x_wconf 86' lang='lat' dir='ltr'>af·</span> 
     </span>
     <span class='ocr_line' id='line_1_21' title="bbox 206 2727 1160 2823; baseline 0.002 -23"><span class='ocrx_word' id='word_1_136' title='bbox 206 2736 342 2802; x_wconf 78' lang='lat' dir='ltr'>lectione</span> <span class='ocrx_word' id='word_1_137' title='bbox 367 2762 489 2818; x_wconf 89' lang='lat' dir='ltr'>eorum,</span> <span class='ocrx_word' id='word_1_138' title='bbox 512 2752 545 2803; x_wconf 92' lang='lat' dir='ltr'>et</span> <span class='ocrx_word' id='word_1_139' title='bbox 570 2727 672 2816; x_wconf 87' lang='lat' dir='ltr'>motu,</span> <span class='ocrx_word' id='word_1_140' title='bbox 699 2751 731 2803; x_wconf 93' lang='lat' dir='ltr'>et</span> <span class='ocrx_word' id='word_1_141' title='bbox 757 2737 970 2823; x_wconf 86' lang='lat' dir='ltr'>applicatione</span> <span class='ocrx_word' id='word_1_142' title='bbox 996 2737 1092 2801; x_wconf 90' lang='lat' dir='ltr'>unius</span> <span class='ocrx_word' id='word_1_143' title='bbox 1118 2739 1160 2802; x_wconf 90' lang='lat' dir='ltr'>ad</span> 
     </span>
     <span class='ocr_line' id='line_1_22' title="bbox 206 2841 1158 2929; baseline 0.002 -24"><span class='ocrx_word' id='word_1_144' title='bbox 206 2845 354 2920; x_wconf 91' lang='lat' dir='ltr'>alterum,</span> <span class='ocrx_word' id='word_1_145' title='bbox 385 2843 570 2929; x_wconf 88' lang='lat' dir='ltr'>choreisque</span> <span class='ocrx_word' id='word_1_146' title='bbox 605 2842 768 2907; x_wconf 90' lang='lat' dir='ltr'>stellarum</span> <span class='ocrx_word' id='word_1_147' title='bbox 802 2841 895 2905; x_wconf 88' lang='lat' dir='ltr'>facile</span> <span class='ocrx_word' id='word_1_148' title='bbox 930 2853 977 2905; x_wconf 91' lang='lat' dir='ltr'>est</span> <span class='ocrx_word' id='word_1_149' title='bbox 1006 2843 1158 2907; x_wconf 89' lang='lat' dir='ltr'>invenire.</span> 
     </span>
     <span class='ocr_line' id='line_1_23' title="bbox 209 2943 1160 3029; baseline -0.001 -23"><span class='ocrx_word' id='word_1_150' title='bbox 209 2944 367 3008; x_wconf 87' lang='lat' dir='ltr'>Saturnus</span> <span class='ocrx_word' id='word_1_151' title='bbox 387 2967 474 3028; x_wconf 92' lang='lat' dir='ltr'>ergo,</span> <span class='ocrx_word' id='word_1_152' title='bbox 488 2943 565 3029; x_wconf 90' lang='lat' dir='ltr'>quia</span> <span class='ocrx_word' id='word_1_153' title='bbox 586 2943 723 3027; x_wconf 86' lang='lat' dir='ltr'>frigidus</span> <span class='ocrx_word' id='word_1_154' title='bbox 742 2956 790 3007; x_wconf 88' lang='lat' dir='ltr'>est</span> <span class='ocrx_word' id='word_1_155' title='bbox 810 2955 842 3006; x_wconf 87' lang='lat' dir='ltr'>et</span> <span class='ocrx_word' id='word_1_156' title='bbox 861 2964 967 3017; x_wconf 86' lang='lat' dir='ltr'>senex,</span> <span class='ocrx_word' id='word_1_157' title='bbox 985 2944 1092 3026; x_wconf 84' lang='lat' dir='ltr'>gravis</span> <span class='ocrx_word' id='word_1_158' title='bbox 1111 2955 1160 3006; x_wconf 91' lang='lat' dir='ltr'>est</span> 
     </span>
     <span class='ocr_line' id='line_1_24' title="bbox 205 3045 1161 3120; baseline -0.006 -9"><span class='ocrx_word' id='word_1_159' title='bbox 205 3059 239 3111; x_wconf 91' lang='lat' dir='ltr'>et</span> <span class='ocrx_word' id='word_1_160' title='bbox 262 3048 406 3120; x_wconf 88' lang='lat' dir='ltr'>nocivus,</span> <span class='ocrx_word' id='word_1_161' title='bbox 430 3057 461 3109; x_wconf 92' lang='lat' dir='ltr'>et</span> <span class='ocrx_word' id='word_1_162' title='bbox 476 3046 517 3110; x_wconf 94' lang='lat' dir='ltr'>de</span> <span class='ocrx_word' id='word_1_163' title='bbox 531 3059 646 3110; x_wconf 92' lang='lat' dir='ltr'>natura</span> <span class='ocrx_word' id='word_1_164' title='bbox 668 3045 833 3120; x_wconf 90' lang='lat' dir='ltr'>malitiam,</span> <span class='ocrx_word' id='word_1_165' title='bbox 849 3045 1065 3107; x_wconf 85' lang='lat' dir='ltr'>morositatem</span> <span class='ocrx_word' id='word_1_166' title='bbox 1087 3066 1161 3106; x_wconf 73' lang='lat' dir='ltr'>con.</span> 
     </span>
     <span class='ocr_line' id='line_1_25' title="bbox 205 3146 1160 3230; baseline -0.004 -18"><span class='ocrx_word' id='word_1_167' title='bbox 205 3146 308 3212; x_wconf 89' lang='lat' dir='ltr'>trahit</span> <span class='ocrx_word' id='word_1_168' title='bbox 324 3147 365 3209; x_wconf 90' lang='lat' dir='ltr'>ab</span> <span class='ocrx_word' id='word_1_169' title='bbox 383 3159 487 3213; x_wconf 87' lang='lat' dir='ltr'>aetate.</span> <span class='ocrx_word' id='word_1_170' title='bbox 533 3149 691 3212; x_wconf 90' lang='lat' dir='ltr'>Omnibus</span> <span class='ocrx_word' id='word_1_171' title='bbox 705 3147 806 3230; x_wconf 90' lang='lat' dir='ltr'>igitur</span> <span class='ocrx_word' id='word_1_172' title='bbox 820 3147 980 3221; x_wconf 89' lang='lat' dir='ltr'>inimicus,</span> <span class='ocrx_word' id='word_1_173' title='bbox 995 3146 1050 3209; x_wconf 87' lang='lat' dir='ltr'>vix</span> <span class='ocrx_word' id='word_1_174' title='bbox 1065 3146 1160 3215; x_wconf 86' lang='lat' dir='ltr'>etiam</span> 
     </span>
     <span class='ocr_line' id='line_1_26' title="bbox 206 3247 1162 3335; baseline -0.002 -22"><span class='ocrx_word' id='word_1_175' title='bbox 206 3250 272 3314; x_wconf 88' lang='lat' dir='ltr'>suis</span> <span class='ocrx_word' id='word_1_176' title='bbox 287 3249 483 3315; x_wconf 86' lang='lat' dir='ltr'>scholasticis</span> <span class='ocrx_word' id='word_1_177' title='bbox 504 3250 615 3335; x_wconf 88' lang='lat' dir='ltr'>parcit.</span> <span class='ocrx_word' id='word_1_178' title='bbox 662 3247 811 3312; x_wconf 89' lang='lat' dir='ltr'>Succedit</span> <span class='ocrx_word' id='word_1_179' title='bbox 824 3249 853 3312; x_wconf 92' lang='lat' dir='ltr'>ei</span> <span class='ocrx_word' id='word_1_180' title='bbox 869 3247 1010 3334; x_wconf 89' lang='lat' dir='ltr'>Jupiter,</span> <span class='ocrx_word' id='word_1_181' title='bbox 1023 3271 1040 3310; x_wconf 98' lang='lat' dir='ltr'>e</span> <span class='ocrx_word' id='word_1_182' title='bbox 1051 3260 1162 3312; x_wconf 89' lang='lat' dir='ltr'>contra</span> 
     </span>
     <span class='ocr_line' id='line_1_27' title="bbox 206 3349 1160 3437; baseline 0 -24"><span class='ocrx_word' id='word_1_183' title='bbox 206 3351 368 3437; x_wconf 89' lang='lat' dir='ltr'>propitius</span> <span class='ocrx_word' id='word_1_184' title='bbox 387 3364 420 3416; x_wconf 94' lang='lat' dir='ltr'>et</span> <span class='ocrx_word' id='word_1_185' title='bbox 442 3351 579 3427; x_wconf 92' lang='lat' dir='ltr'>saluber,</span> <span class='ocrx_word' id='word_1_186' title='bbox 597 3364 757 3436; x_wconf 89' lang='lat' dir='ltr'>tantaeque</span> <span class='ocrx_word' id='word_1_187' title='bbox 773 3349 978 3434; x_wconf 89' lang='lat' dir='ltr'>benignitatis</span> <span class='ocrx_word' id='word_1_188' title='bbox 992 3350 1025 3413; x_wconf 93' lang='lat' dir='ltr'>in</span> <span class='ocrx_word' id='word_1_189' title='bbox 1039 3371 1160 3426; x_wconf 91' lang='lat' dir='ltr'>omnes,</span> 
     </span>
     <span class='ocr_line' id='line_1_28' title="bbox 206 3451 1160 3540; baseline -0.002 -23"><span class='ocrx_word' id='word_1_190' title='bbox 206 3468 245 3519; x_wconf 93' lang='lat' dir='ltr'>ut</span> <span class='ocrx_word' id='word_1_191' title='bbox 260 3475 317 3517; x_wconf 89' lang='lat' dir='ltr'>nec</span> <span class='ocrx_word' id='word_1_192' title='bbox 332 3454 372 3518; x_wconf 97' lang='lat' dir='ltr'>de</span> <span class='ocrx_word' id='word_1_193' title='bbox 387 3454 508 3518; x_wconf 87' lang='lat' dir='ltr'>malitia</span> <span class='ocrx_word' id='word_1_194' title='bbox 522 3453 633 3540; x_wconf 90' lang='lat' dir='ltr'>patris,</span> <span class='ocrx_word' id='word_1_195' title='bbox 649 3475 706 3516; x_wconf 90' lang='lat' dir='ltr'>nec</span> <span class='ocrx_word' id='word_1_196' title='bbox 722 3454 832 3517; x_wconf 90' lang='lat' dir='ltr'>matris</span> <span class='ocrx_word' id='word_1_197' title='bbox 846 3451 1011 3516; x_wconf 83' lang='lat' dir='ltr'>ferocitate</span> <span class='ocrx_word' id='word_1_198' title='bbox 1026 3451 1160 3538; x_wconf 89' lang='lat' dir='ltr'>subjecti</span> 
     </span>
     <span class='ocr_line' id='line_1_29' title="bbox 207 3553 1160 3644; baseline -0.003 -24"><span class='ocrx_word' id='word_1_199' title='bbox 207 3578 402 3644; x_wconf 90' lang='lat' dir='ltr'>quemquam</span> <span class='ocrx_word' id='word_1_200' title='bbox 424 3555 576 3630; x_wconf 88' lang='lat' dir='ltr'>offendat,</span> <span class='ocrx_word' id='word_1_201' title='bbox 597 3554 657 3618; x_wconf 93' lang='lat' dir='ltr'>nisi</span> <span class='ocrx_word' id='word_1_202' title='bbox 680 3554 765 3618; x_wconf 86' lang='lat' dir='ltr'>forte</span> <span class='ocrx_word' id='word_1_203' title='bbox 787 3553 909 3638; x_wconf 91' lang='lat' dir='ltr'>etipse</span> <span class='ocrx_word' id='word_1_204' title='bbox 932 3554 965 3616; x_wconf 94' lang='lat' dir='ltr'>in</span> <span class='ocrx_word' id='word_1_205' title='bbox 983 3553 1070 3617; x_wconf 91' lang='lat' dir='ltr'>orbis</span> <span class='ocrx_word' id='word_1_206' title='bbox 1085 3553 1160 3617; x_wconf 91' lang='lat' dir='ltr'>sub·</span> 
     </span>
     <span class='ocr_line' id='line_1_30' title="bbox 202 3652 1160 3752; baseline -0.003 -33"><span class='ocrx_word' id='word_1_207' title='bbox 202 3656 283 3752; x_wconf 85' lang='lat' dir='ltr'>jecti</span> <span class='ocrx_word' id='word_1_208' title='bbox 298 3656 464 3742; x_wconf 88' lang='lat' dir='ltr'>dispendia</span> <span class='ocrx_word' id='word_1_209' title='bbox 483 3653 686 3719; x_wconf 89' lang='lat' dir='ltr'>stationarius</span> <span class='ocrx_word' id='word_1_210' title='bbox 707 3653 810 3718; x_wconf 88' lang='lat' dir='ltr'>factus</span> <span class='ocrx_word' id='word_1_211' title='bbox 831 3656 883 3731; x_wconf 91' lang='lat' dir='ltr'>sit,</span> <span class='ocrx_word' id='word_1_212' title='bbox 905 3652 1160 3736; x_wconf 82' lang='lat' dir='ltr'>retrogradusve,</span> 
     </span>
     <span class='ocr_line' id='line_1_31' title="bbox 206 3754 1159 3840; baseline -0.004 -18"><span class='ocrx_word' id='word_1_213' title='bbox 206 3771 264 3822; x_wconf 91' lang='lat' dir='ltr'>aut</span> <span class='ocrx_word' id='word_1_214' title='bbox 290 3758 488 3822; x_wconf 89' lang='lat' dir='ltr'>adustionem</span> <span class='ocrx_word' id='word_1_215' title='bbox 514 3756 721 3821; x_wconf 87' lang='lat' dir='ltr'>miserabilem</span> <span class='ocrx_word' id='word_1_216' title='bbox 749 3755 899 3840; x_wconf 89' lang='lat' dir='ltr'>patiatur.</span> <span class='ocrx_word' id='word_1_217' title='bbox 947 3755 1035 3818; x_wconf 89' lang='lat' dir='ltr'>Mars</span> <span class='ocrx_word' id='word_1_218' title='bbox 1056 3754 1159 3832; x_wconf 84' lang='lat' dir='ltr'>ferox,</span> 
     </span>
     <span class='ocr_line' id='line_1_32' title="bbox 207 3855 1159 3945; baseline -0.005 -21"><span class='ocrx_word' id='word_1_219' title='bbox 207 3873 387 3945; x_wconf 89' lang='lat' dir='ltr'>naturaque</span> <span class='ocrx_word' id='word_1_220' title='bbox 407 3859 591 3933; x_wconf 86' lang='lat' dir='ltr'>indomitus,</span> <span class='ocrx_word' id='word_1_221' title='bbox 607 3880 715 3921; x_wconf 89' lang='lat' dir='ltr'>omnes</span> <span class='ocrx_word' id='word_1_222' title='bbox 735 3869 852 3943; x_wconf 89' lang='lat' dir='ltr'>praeter</span> <span class='ocrx_word' id='word_1_223' title='bbox 869 3855 1071 3920; x_wconf 90' lang='lat' dir='ltr'>scholasticos</span> <span class='ocrx_word' id='word_1_224' title='bbox 1086 3879 1159 3920; x_wconf 89' lang='lat' dir='ltr'>suos</span> 
     </span>
     <span class='ocr_line' id='line_1_33' title="bbox 207 3957 1158 4050; baseline -0.007 -25"><span class='ocrx_word' id='word_1_225' title='bbox 207 3962 420 4050; x_wconf 89' lang='lat' dir='ltr'>persequitur.</span> <span class='ocrx_word' id='word_1_226' title='bbox 465 3960 636 4044; x_wconf 90' lang='lat' dir='ltr'>Mitigatur</span> <span class='ocrx_word' id='word_1_227' title='bbox 661 3972 766 4023; x_wconf 88' lang='lat' dir='ltr'>tamen</span> <span class='ocrx_word' id='word_1_228' title='bbox 796 3958 958 4022; x_wconf 91' lang='lat' dir='ltr'>interdum</span> <span class='ocrx_word' id='word_1_229' title='bbox 984 3957 1078 4019; x_wconf 86' lang='lat' dir='ltr'>Jovis</span> <span class='ocrx_word' id='word_1_230' title='bbox 1106 3979 1158 4026; x_wconf 88' lang='lat' dir='ltr'>ac·</span> 
     </span>
     <span class='ocr_line' id='line_1_34' title="bbox 207 4059 1158 4147; baseline -0.007 -20"><span class='ocrx_word' id='word_1_231' title='bbox 207 4086 308 4140; x_wconf 89' lang='lat' dir='ltr'>cessu,</span> <span class='ocrx_word' id='word_1_232' title='bbox 331 4063 380 4126; x_wconf 92' lang='lat' dir='ltr'>vel</span> <span class='ocrx_word' id='word_1_233' title='bbox 404 4062 544 4139; x_wconf 89' lang='lat' dir='ltr'>Veneris,</span> <span class='ocrx_word' id='word_1_234' title='bbox 567 4060 716 4147; x_wconf 91' lang='lat' dir='ltr'>quoniam</span> <span class='ocrx_word' id='word_1_235' title='bbox 744 4074 775 4125; x_wconf 87' lang='lat' dir='ltr'>et</span> <span class='ocrx_word' id='word_1_236' title='bbox 801 4061 870 4146; x_wconf 89' lang='lat' dir='ltr'>ipsa</span> <span class='ocrx_word' id='word_1_237' title='bbox 891 4059 1032 4144; x_wconf 88' lang='lat' dir='ltr'>propitia</span> <span class='ocrx_word' id='word_1_238' title='bbox 1053 4069 1102 4119; x_wconf 91' lang='lat' dir='ltr'>est</span> <span class='ocrx_word' id='word_1_239' title='bbox 1126 4070 1158 4120; x_wconf 90' lang='lat' dir='ltr'>et</span> 
     </span>
     <span class='ocr_line' id='line_1_35' title="bbox 207 4155 1155 4250; baseline -0.009 -22"><span class='ocrx_word' id='word_1_240' title='bbox 207 4165 354 4250; x_wconf 85' lang='lat' dir='ltr'>benigna.</span> <span class='ocrx_word' id='word_1_241' title='bbox 400 4163 581 4229; x_wconf 89' lang='lat' dir='ltr'>Mercurius</span> <span class='ocrx_word' id='word_1_242' title='bbox 611 4186 686 4226; x_wconf 88' lang='lat' dir='ltr'>vero</span> <span class='ocrx_word' id='word_1_243' title='bbox 715 4161 787 4225; x_wconf 92' lang='lat' dir='ltr'>talis</span> <span class='ocrx_word' id='word_1_244' title='bbox 818 4173 877 4237; x_wconf 92' lang='lat' dir='ltr'>est,</span> <span class='ocrx_word' id='word_1_245' title='bbox 904 4161 1031 4244; x_wconf 91' lang='lat' dir='ltr'>qualem</span> <span class='ocrx_word' id='word_1_246' title='bbox 1063 4155 1155 4219; x_wconf 91' lang='lat' dir='ltr'>vicini</span> 
     </span>
     <span class='ocr_line' id='line_1_36' title="bbox 206 4255 1159 4352; baseline -0.009 -24"><span class='ocrx_word' id='word_1_247' title='bbox 206 4265 342 4352; x_wconf 77' lang='lat' dir='ltr'>planetae</span> <span class='ocrx_word' id='word_1_248' title='bbox 358 4266 580 4351; x_wconf 87' lang='lat' dir='ltr'>permiserunt,</span> <span class='ocrx_word' id='word_1_249' title='bbox 604 4285 702 4347; x_wconf 91' lang='lat' dir='ltr'>quum</span> <span class='ocrx_word' id='word_1_250' title='bbox 719 4275 751 4325; x_wconf 91' lang='lat' dir='ltr'>et</span> <span class='ocrx_word' id='word_1_251' title='bbox 774 4262 841 4347; x_wconf 93' lang='lat' dir='ltr'>ipse</span> <span class='ocrx_word' id='word_1_252' title='bbox 867 4255 1079 4322; x_wconf 89' lang='lat' dir='ltr'>convertibilis</span> <span class='ocrx_word' id='word_1_253' title='bbox 1106 4277 1159 4319; x_wconf 92' lang='lat' dir='ltr'>na-</span> 
     </span>
    </p>
   </div>
   <div class='ocr_carea' id='block_1_3' title="bbox 0 0 1660 5309">
    <p class='ocr_par' dir='ltr' id='par_1_3' title="bbox 0 0 1660 5309">
     <span class='ocr_line' id='line_1_37' title="bbox 0 0 1660 5309; baseline 0 0"><span class='ocrx_word' id='word_1_254' title='bbox 0 0 1660 5309; x_wconf 95' lang='lat' dir='ltr'> </span> 
     </span>
    </p>
   </div>
  </div>
 </body>
</html>
