3309 5309
346 659 410 722 330
605 672 739 720 solutus
755 674 1034 722 saanseearnusrs
1168 660 1251 740 [ma.
1267 681 1296 725 v.

347 826 532 890 hominibus
556 827 650 890 bonae
684 827 866 890 voluntatis.
923 829 998 892 Hoc
1034 829 1195 913 siquidem
1222 854 1297 895 can·
1338 877 1343 883 -

271 944 275 950 ’
344 930 444 994 ticum
459 939 507 992 est
518 929 662 992 fidelium
674 930 889 1012 prelatorum,
900 931 955 1013 qui
973 932 1129 1014 speciosis
1143 932 1298 998 incedunt

346 1030 493 1114 pedibus,
518 1039 618 1093 etex
644 1051 682 1092 eo
706 1030 820 1107 beatis,
847 1030 933 1115 quod
959 1052 1075 1114 pacem
1101 1043 1238 1115 portant,
1265 1044 1298 1098 et

345 1152 459 1215 pacem
473 1130 693 1194 sanctimonia
713 1131 846 1206 sociam,
873 1132 942 1195 sine
968 1154 1032 1216 qua
1056 1155 1153 1196 nemo
1178 1134 1299 1198 videbit

350 1232 464 1296 Deum.
509 1233 632 1295 Dicunt
652 1243 684 1297 et
703 1232 738 1295 hi
765 1253 839 1295 cum
865 1234 1033 1316 sapientia,
1052 1231 1126 1319 quia
1146 1236 1233 1299 bona
1252 1246 1299 1299 est

345 1334 533 1410 substantia,
547 1334 600 1395 cui
615 1354 679 1396 non
704 1342 753 1397 est
776 1345 945 1416 peccatum
971 1336 1006 1397 in
1031 1336 1242 1413 conscientia,
1268 1349 1299 1400 et

346 1434 544 1518 nequissima
569 1445 740 1517 paupertas
766 1436 799 1497 in
836 1457 890 1499 ore
921 1437 1022 1520 impii.
1066 1437 1243 1502 clamitant
1267 1439 1299 1501 in

350 1536 481 1619 plateis:
498 1535 575 1618 quia
589 1537 704 1600 beatus
720 1537 766 1599 vir
781 1536 837 1620 qui
852 1536 1000 1601 iuventus
1015 1549 1063 1601 est
1079 1539 1149 1602 sine
1161 1540 1299 1613 macula,

348 1644 381 1700 et
396 1636 450 1718 qui
465 1647 539 1720 post
560 1657 670 1699 aurum
686 1658 750 1700 non
775 1639 863 1700 abiit
908 1639 956 1701 Ac
983 1638 1011 1700 si
1034 1650 1144 1721 aperte
1170 1639 1298 1704 dicant:

348 1737 504 1821 Quisquis
529 1738 562 1799 iu
587 1758 718 1802 munere
743 1738 916 1822 cujuslibet
951 1739 1164 1821 magistratus,
1187 1761 1299 1804 aurum

349 1840 473 1924 quaerit,
487 1841 646 1902 maculam
660 1840 792 1914 invenit,
813 1841 883 1903 sine
910 1861 975 1924 qua
1000 1861 1060 1904 nec
1086 1842 1224 1925 acquiri,
1238 1864 1300 1906 nec

349 1961 420 2003 esse
435 1948 541 2022 potest
553 1939 639 2022 apud
651 1938 780 2002 avidum
795 1960 1021 2022 possessorem.
1060 1941 1143 2013 Quis
1157 1962 1300 2025 unquam

348 2041 520 2125 pecuniam
545 2041 614 2104 sine
640 2039 857 2104 sordidatione
881 2062 1034 2104 manuum
1059 2042 1207 2107 tractavit
1232 2043 1302 2107 diu·

348 2140 435 2205 tius?
492 2141 547 2203 Ex
581 2162 619 2204 ea
656 2151 761 2204 tamen
790 2151 876 2205 certe
905 2142 1011 2204 minus
1040 2163 1156 2206 manus
1185 2142 1301 2220 sordet,

349 2261 447 2323 quam
459 2240 591 2303 animus.
630 2241 717 2304 Nolo
732 2241 809 2303 mihi
824 2243 980 2304 malorum
996 2241 1166 2323 frigescant
1181 2243 1300 2321 limina,

350 2353 406 2407 aut
426 2340 466 2402 de
486 2360 561 2402 nare
582 2337 699 2404 canina
724 2362 838 2404 sonare
864 2343 918 2406 hic
940 2343 1033 2406 litera
1057 2342 1210 2423 videatur,
1236 2366 1302 2408 non

349 2464 435 2528 pono
468 2463 506 2504 os
539 2462 644 2505 meum
679 2443 712 2504 in
748 2443 878 2517 coelum,
914 2456 949 2507 ut
983 2442 1024 2508 de
1060 2447 1215 2529 patribus,
1246 2445 1301 2530 qui

347 2546 458 2610 orbem
466 2543 628 2627 judicant,
644 2554 676 2608 et
690 2544 812 2609 anullo
822 2544 1009 2629 judicantur
1020 2548 1052 2609 in
1065 2549 1167 2624 terris,
1177 2548 1299 2632 aliquid

351 2647 468 2724 dicam,
500 2646 565 2709 nisi
598 2647 729 2730 plenum
766 2646 842 2724 fide,
874 2648 1017 2727 caritate,
1050 2659 1083 2712 et
1116 2650 1300 2713 reverentia

347 2750 464 2813 Dicam
489 2759 596 2813 tamen
622 2748 708 2833 quod
734 2769 843 2811 verum
877 2759 937 2826 est,
970 2748 1051 2815 adeo
1087 2761 1123 2815 ut
1148 2751 1180 2813 ei
1205 2772 1298 2814 nemo

350 2850 495 2916 fidelium
509 2850 624 2915 audeat
639 2851 796 2932 refragari,
813 2849 918 2913 dicem
935 2851 1024 2934 quod
1038 2853 1102 2936 ipsi
1114 2850 1299 2936 praedicant.

352 2957 480 3032 Dicam,
503 2954 647 3035 inquam,
674 2952 750 3037 quia
774 2974 841 3016 non
869 2965 976 3036 potest
1006 2955 1120 3019 civitas
1145 2954 1301 3019 abscondi

350 3080 448 3142 supra
469 3065 610 3120 montem
632 3055 747 3138 posita,
769 3067 801 3118 et
822 3077 1027 3140 nequaquam
1049 3060 1146 3123 latere
1169 3069 1304 3142 possunt

350 3161 496 3224 notitiam
509 3157 684 3241 publicam,
699 3178 771 3240 quas
784 3158 818 3219 in
842 3169 1019 3240 conspectu
1034 3159 1176 3242 gentium
1204 3158 1300 3223 fiunt:

350 3263 511 3347 siquidem

455 3368 541 3420 Omne
553 3367 633 3419 enimi
644 3366 735 3419 vitium
746 3371 819 3419 tento
831 3368 992 3439 conspectius
1003 3368 1031 3420 in
1041 3385 1070 3421 se

455 3451 561 3504 Crimen
572 3452 661 3515 habet,
672 3457 769 3520 quanto
780 3452 863 3523 major
874 3454 918 3520 qui
930 3458 1021 3526 peccet
1031 3453 1152 3507 hebetur.

349 3550 403 3614 Sal
415 3570 542 3635 quoque
557 3549 747 3612 infatuatum
764 3549 804 3612 ad
828 3547 966 3613 nihilum
981 3551 1066 3614 velet
1079 3551 1174 3627 ultra,
1189 3549 1253 3613 nisi
1268 3556 1302 3612 ut

347 3652 532 3734 projiciatur
545 3651 641 3727 foras,
657 3664 689 3715 et
701 3652 908 3715 conculcetur
923 3654 964 3715 ab
979 3651 1177 3728 hominibus,
1192 3660 1301 3734 utpote

348 3752 418 3814 vilis
442 3752 590 3835 abjectio,
614 3775 687 3835 quae
712 3774 772 3816 neo
799 3752 842 3817 ad
868 3753 1129 3817 stercorationem
1155 3772 1301 3834 agrorum

351 3847 490 3933 prodest.
537 3850 592 3913 Sol
620 3873 748 3935 quoque
775 3855 884 3916 orbem
908 3851 1046 3917 illustrat
1070 3848 1209 3935 plenius,
1233 3850 1305 3934 quia

348 3959 380 4016 iu
409 3950 560 4016 eminenti
582 3962 638 4013 est.
684 3953 770 4027 Quid
795 3952 915 4018 multa?
963 3956 1070 4038 Opera
1096 3953 1304 4034 singulorum,

348 4051 567 4117 testimonium
586 4051 755 4134 perhibent
775 4053 815 4115 de
839 4055 894 4117 eis.
942 4054 996 4118 Sic
1024 4054 1154 4117 Samuel
1173 4073 1304 4136 operum

350 4155 534 4220 testimonio
544 4153 741 4238 justificatus
756 4165 813 4218 est.
853 4157 919 4220 Sed
934 4179 975 4220 ne
991 4155 1149 4219 videretur
1164 4155 1304 4238 populus

350 4257 381 4321 ei
396 4257 544 4336 blandiri,
559 4267 591 4321 et
613 4257 703 4342 quasi
724 4279 767 4322 ex
789 4259 901 4324 timore
923 4260 972 4323 vel
993 4255 1122 4324 fallacia
1144 4258 1234 4322 salse
1255 4256 1301 4320 in·
