3309 5309
345 666 418 739 178ι
600 688 736 733 rorums
753 685 1033 731 saussumuuusrs
1145 665 1225 744 lun.
1243 683 1296 727 111.

346 840 506 929 pectoris?
539 841 698 905 Caeterum
714 861 812 922 quum
829 838 1000 921 multiplex
1023 837 1065 899 sit
1087 836 1199 900 vitium
1221 835 1298 898 adu-

345 944 446 1019 landi,
469 943 540 1005 aliis
555 942 655 1018 vultu,
676 942 747 1002 aliis
762 940 869 1012 verbo,
890 938 962 1002 aliis
985 957 1083 1020 opere
1097 937 1149 998 vel
1168 955 1299 998 munere

346 1044 590 1118 assentantibus,
600 1041 822 1104 efficacissima
832 1052 881 1103 est
889 1039 1083 1102 adulationis
1093 1036 1189 1114 fraus,
1200 1056 1299 1117 quum

345 1144 581 1208 simulationem
611 1141 802 1205 confirment
832 1161 971 1216 munera,
995 1154 1050 1203 aut
1076 1139 1106 1201 ei
1137 1137 1297 1200 difficilius

346 1246 533 1329 obsequium
549 1254 754 1308 contestatur.
799 1245 833 1306 Si
849 1244 940 1306 aliter
955 1243 1067 1320 eredis,

729 1393 805 1442 quam
819 1380 846 1427 te
859 1380 905 1427 tua
916 1380 1033 1443 tempora
1043 1371 1148 1437 fallunt,

451 1464 505 1526 Qui
517 1464 584 1533 stipe
596 1461 647 1513 mel
661 1466 747 1513 sumta
759 1460 859 1513 dulcius
872 1477 929 1512 erse
941 1465 1024 1530 putas.

346 1582 497 1649 Probatio
512 1583 671 1666 siquidem
684 1604 765 1645 verae
782 1581 962 1644 dilectionis
973 1592 1022 1644 est
1036 1582 1096 1643 sub
1111 1580 1210 1664 hujus
1224 1590 1298 1644 tem·

346 1685 479 1770 pestatis
494 1684 708 1767 corruptione,
717 1681 930 1766 frequentatio
942 1681 1093 1745 muneris.
1117 1682 1177 1744 Ars
1189 1682 1298 1745 artium

346 1799 406 1864 est,
420 1788 446 1849 si
463 1787 589 1869 placere
604 1785 663 1861 vis,
677 1784 859 1866 frequenter
874 1782 960 1845 date.

590 1915 619 1966 Si
630 1914 742 1966 calidum
754 1914 803 1965 aeis
815 1930 910 1983 ponere
923 1930 1023 1976 sumen,

451 2003 507 2053 Scis
519 2002 640 2053 comitem
651 1999 808 2052 horridulum
821 2001 883 2051 trita
894 1998 990 2050 donare
1001 1997 1114 2062 lacerna,

349 2125 425 2186 alter
441 2123 620 2183 Mercurius
635 2120 695 2183 eris
712 2120 752 2194 ci,
768 2131 801 2182 ct
817 2120 844 2182 si
861 2120 908 2182 vis
923 2122 1069 2203 amplius,
1086 2142 1121 2184 es
1137 2123 1263 2204 Apollo,

452 2222 604 2301 Phoeboque
616 2231 752 2304 pulchrior,
766 2238 793 2284 et
805 2249 890 2285 sorore
904 2233 1007 2286 Phoebi.

347 2347 418 2409 Nec
449 2356 498 2407 est
527 2343 614 2425 quod
644 2343 684 2405 de
712 2344 862 2425 suffragio
892 2345 992 2428 ipsius
1018 2345 1180 2429 desperes,
1203 2368 1297 2431 quem

346 2446 530 2509 muneribus
560 2444 676 2528 pascis.
737 2447 898 2509 Alimenta
927 2446 1088 2528 siquidem
1122 2448 1298 2512 umbratilis

345 2546 465 2628 gratim,
482 2559 514 2608 et
533 2544 673 2607 nominis
695 2545 857 2626 prostituti
878 2549 1070 2611 munuscula
1089 2560 1176 2626 suut,
1191 2561 1223 2612 et
1241 2548 1299 2612 nisi

345 2645 463 2710 suerint
478 2645 684 2728 frequentata,
697 2645 845 2706 anricitiae
860 2666 977 2708 nomen
989 2647 1184 2710 interimunt.
1208 2649 1235 2709 F
1236 2668 1300 2710 rus·

346 2759 405 2824 tra,
420 2746 460 2809 de
484 2745 622 2807 muneris
646 2744 823 2826 quantitate
846 2745 1062 2824 praesumitur,
1076 2746 1140 2808 nisi
1163 2747 1300 2809 animam

347 2845 532 2930 cupiditatis
552 2845 624 2925 igne
648 2865 847 2922 succensam,
864 2846 983 2908 crebrae
1003 2846 1194 2910 visitationis
1216 2847 1301 2908 refri-

348 2946 435 3028 gerio
457 2957 626 3027 temperes,
642 2954 674 3006 et
693 2943 834 3005 avaritiae
851 2942 965 3026 jugem
987 2945 1122 3008 esuriem
1145 2945 1301 3029 frequenti

346 3045 578 3110 beneficiorum
601 3043 847 3125 interpolatione
873 3043 1066 3108 demulceas.
1114 3047 1300 3129 Aquilamm

346 3149 460 3212 dicitur
470 3167 540 3209 esse
550 3155 670 3222 natura,
683 3153 718 3207 ut
730 3165 830 3226 quum
842 3146 1039 3208 stomachum
1054 3147 1191 3230 pleniori
1207 3147 1302 3209 resec-

349 3249 435 3312 tione
450 3245 724 3328 ingurgitaverint,
740 3246 772 3306 in
790 3246 938 3328 quintum
954 3245 1118 3309 decimum
1133 3247 1229 3322 diem,
1243 3244 1300 3321 vel,

345 3361 381 3411 ut
396 3349 466 3410 aliis
480 3349 597 3430 placet,
609 3348 642 3408 in
655 3347 933 3429 quadragesimum
943 3348 1144 3430 suspendant
1154 3351 1302 3429 esuriem,

346 3450 586 3529 oblatorumque
599 3449 741 3510 ciborum
759 3448 885 3528 copiam
902 3461 1123 3530 aspernentur,
1135 3473 1201 3514 una
1216 3463 1300 3515 satu·

345 3548 438 3610 ritate
462 3557 630 3611 contentae.
676 3549 761 3611 Sane
783 3549 881 3629 longe
904 3549 966 3612 alia
992 3550 1134 3613 conditio
1157 3550 1301 3629 divitum,

347 3648 410 3709 imo
426 3668 532 3710 eorum
550 3649 604 3731 qui
626 3650 767 3712 venalem
789 3650 986 3732 prostituunt
1006 3651 1150 3732 gratiam.
1197 3654 1301 3735 Magis

347 3749 432 3811 enim
451 3749 653 3832 aliquatenus
674 3751 834 3814 accedunt
852 3751 893 3813 ad
915 3752 1075 3827 homines,
1091 3753 1148 3834 qui
1171 3774 1300 3817 necesse

346 3850 477 3921 habent,
494 3850 568 3929 quia
583 3852 693 3912 crebro
708 3850 863 3928 esuriunt,
878 3854 989 3916 crebro
1004 3853 1105 3917 refici.
1151 3856 1211 3918 Vis
1227 3877 1299 3939 pos·

347 3958 424 4026 sunt
457 3947 625 4010 collectam
669 3949 801 4011 esuriem
837 3952 869 4013 in
903 3951 987 4015 diem
1021 3953 1299 4036 quadragesimum

345 4050 516 4132 protelare,
539 4046 615 4128 quin
643 4048 852 4129 indignentur
874 4053 997 4129 amieis,
1019 4054 1046 4116 si
1072 4076 1139 4116 non
1163 4057 1298 4119 avaritiae

345 4152 469 4212 hiatum
491 4148 699 4231 oppleverint.
739 4150 894 4215 Solebaut
915 4153 1092 4236 antiquitus
1115 4157 1295 4219 Gratiarum

345 4252 526 4327 simulacra,
542 4250 673 4332 effigiari
697 4250 796 4331 nuda,
810 4273 849 4315 eo
868 4254 954 4336 quod
976 4255 1121 4319 soliditas
1141 4258 1298 4332 amicitie,
