3309 5309
465 639 528 697 170
718 649 854 696 Josuurs
870 647 1147 693 suassaumsusrs
1268 628 1351 708 lua.
1369 648 1423 694 111.

464 799 622 879 suadebit,
638 808 675 865 ut
694 798 782 887 quod
803 797 937 886 appetit,
953 796 1060 875 iaciat,
1077 804 1099 835 “
1115 796 1141 863 si
1159 797 1268 883 possit,
1283 807 1382 874 recte,
1398 799 1425 863 si

463 925 539 986 nou,
552 924 744 990 quocunque
759 901 857 966 modo
872 905 969 969 rem.”
1000 900 1123 965 Verum
1137 899 1194 988 qui
1209 923 1267 966 suo
1281 901 1425 983 nomine,

463 1017 501 1072 ut
514 1005 642 1090 proprie
657 1005 857 1092 eloquamur,
873 1001 992 1069 dicitur
1005 1001 1161 1085 adulator,
1176 1001 1254 1070 vitia
1268 1003 1424 1090 cujusque

461 1107 601 1186 dealbat,
626 1119 660 1173 et
682 1130 723 1173 ne
746 1108 908 1194 seipsum
935 1107 1052 1184 videat,
1074 1105 1184 1172 oculos
1210 1105 1424 1193 colloquentis

460 1209 600 1297 quadam
616 1210 702 1275 nube
717 1209 865 1276 vanitatis
880 1208 1004 1295 implet,
1015 1219 1050 1275 et
1064 1231 1157 1274 aures
1167 1207 1255 1274 salsis
1267 1208 1421 1297 praecoui-

462 1335 553 1378 orum
569 1312 670 1379 titulis
686 1313 799 1379 reficit.
846 1312 905 1377 Ait
921 1312 1068 1393 Ethicus,

531 1425 604 1488 Quid
616 1425 683 1494 quod
694 1424 817 1478 adulandi
830 1443 896 1493 gens
907 1425 1108 1497 prudentissima
1119 1424 1210 1478 laudat

531 1511 681 1562 Sermonem
692 1510 799 1574 indocti,
810 1508 905 1562 faciem
916 1509 1039 1563 deformis
1050 1511 1136 1575 amici,

531 1595 568 1647 Et
578 1594 684 1662 longum
696 1594 802 1647 invalidi
814 1594 908 1648 collum
918 1597 1060 1648 cervicibus
1070 1600 1157 1665 aequat

531 1679 664 1744 Herculis,
675 1679 799 1733 Antoeum
810 1680 899 1752 procul
911 1699 927 1733 a
939 1680 1032 1734 tellure
1043 1681 1171 1734 tenentis:

529 1763 643 1817 Miratur
654 1782 743 1818 vocem
754 1770 902 1832 angustam,
914 1783 966 1834 qua
977 1765 1091 1818 deterius
1102 1782 1151 1816 nec

529 1851 579 1904 Ille
591 1855 674 1917 sonat,
686 1868 737 1919 quo
749 1850 881 1903 mordetur
892 1849 991 1919 gallina
1001 1851 1105 1905 marito.

461 1947 534 2012 Hoc
559 1956 669 2011 autem
695 1944 830 2010 minime
856 1944 983 2010 videtur
1005 1944 1136 2022 mirum,
1160 1942 1186 2009 si
1213 1943 1418 2030 perditissimi

459 2049 616 2130 homines,
631 2060 665 2112 et
686 2048 803 2134 quibus
817 2047 870 2112 hic
891 2048 996 2133 gravis
1016 2047 1157 2131 morbus,
1172 2058 1206 2112 et
1227 2047 1419 2113 foeculentus

459 2151 601 2217 mundus
622 2150 810 2229 sordidatur,
827 2150 869 2215 ad
889 2162 1012 2216 tautam
1034 2151 1268 2238 turpitudinem
1288 2161 1419 2237 possum

458 2252 591 2338 impelli.
631 2252 696 2317 Sed
711 2253 772 2317 hoc
784 2254 889 2340 potius
900 2255 983 2319 duco
995 2253 1151 2333 mirabile,
1163 2254 1250 2341 quod
1262 2253 1417 2341 populum

457 2354 513 2441 qui
529 2353 589 2419 sibi
600 2355 710 2420 credat
720 2354 871 2434 habeant,
881 2356 937 2444 qui
949 2356 989 2420 de
1004 2379 1038 2421 se
1053 2355 1155 2440 magis
1168 2356 1284 2421 alienae
1296 2356 1416 2441 linguae

456 2455 649 2543 acquiescat,
672 2478 769 2543 quarn
792 2456 929 2543 propriae
950 2457 1074 2545 judicio
1096 2459 1313 2540 couscientia,
1336 2458 1413 2522 dum

456 2559 593 2646 seipsum
610 2559 747 2646 quilibet
761 2570 852 2625 extra
866 2583 899 2624 se
915 2561 1041 2647 quaerit,
1053 2573 1087 2625 et
1102 2584 1194 2626 nosse
1209 2561 1414 2646 dedignatur,

457 2683 554 2747 quam
579 2661 619 2726 sit
642 2660 702 2726 sibi
723 2673 813 2727 curta
837 2662 990 2748 supellex.
1036 2662 1124 2727 Nihil
1148 2674 1197 2729 est
1218 2663 1307 2728 enim
1330 2663 1416 2749 quod

458 2764 588 2828 credere
600 2764 640 2828 de
656 2787 689 2828 se
705 2786 770 2830 non
781 2766 879 2850 possit
890 2787 991 2853 quum
1003 2765 1160 2844 laudatur,
1173 2789 1238 2832 non
1249 2765 1347 2830 modo
1357 2764 1416 2829 diis

457 2887 552 2952 aequa
573 2876 724 2953 potestas,
746 2867 804 2932 sed
829 2889 1032 2955 quaeeunque
1058 2868 1167 2934 anima
1189 2868 1230 2933 de
1257 2868 1415 2933 fermento

456 2968 615 3056 superbias
630 2969 823 3035 intumescit.
839 2991 841 2993 ’

458 3290 538 3374 Cap.
554 3297 583 3354 5.
607 3291 660 3355 Dc
674 3293 800 3356 cautela
817 3293 1034 3370 adulatorum,
1048 3299 1080 3356 et
1087 3293 1218 3376 froude
1233 3294 1413 3376 multiplici,

555 3398 587 3453 et
601 3393 768 3455 comitibus
782 3394 993 3470 adutationis,
1010 3400 1041 3456 et
1054 3395 1182 3475 reputata
1197 3413 1318 3456 eorum.

502 3549 593 3610 Suus
618 3560 733 3629 tamen,
754 3548 809 3634 qui
826 3549 973 3634 vulgares
995 3562 1026 3614 et
1050 3547 1249 3613 adulationes
1272 3546 1411 3634 plebeias

457 3671 520 3713 uon
542 3648 725 3727 admittant,
749 3649 866 3735 utqui
890 3649 1000 3714 nolunt
1024 3648 1078 3713 vili
1102 3661 1278 3734 unguento,
1300 3646 1411 3714 oleove

455 3752 712 3839 corrupt0,quod
722 3752 871 3816 omnibus
879 3752 983 3829 foetet,
995 3752 1229 3839 inungi,quum
1238 3752 1415 3818 amicorum

455 3867 511 3918 aut
526 3853 730 3918 convivarum
741 3867 897 3939 expetunt
912 3854 1057 3938 gratiam.
1083 3854 1168 3931 Quid
1184 3852 1270 3919 enim
1286 3851 1414 3946 turpius

455 3965 514 4034 est,
523 3975 620 4039 quam
636 3952 677 4016 ad
693 3952 847 4016 lenocinia
858 3953 1023 4019 histrionis
1035 3954 1264 4041 transfigurare
1274 3953 1413 4031 vultum,

455 4068 580 4120 mutare
602 4053 758 4133 habitum,
780 4067 902 4118 motum
926 4055 1054 4133 ducere,
1076 4068 1108 4122 et
1133 4078 1195 4121 non
1219 4068 1286 4121 tam
1306 4053 1412 4118 videre

455 4155 563 4234 alium,
580 4176 675 4241 quam
692 4177 725 4218 se
740 4153 844 4239 ipsum
861 4178 970 4240 gerere
985 4156 1194 4225 histrionem?
1219 4154 1308 4235 Quid
1325 4155 1413 4240 inep-

455 4258 533 4336 tius,
545 4279 642 4343 quam
658 4279 758 4343 quum
775 4255 856 4320 alius
872 4280 987 4344 magno
1002 4258 1093 4324 hiatu
1108 4257 1183 4342 oris,
1194 4258 1237 4324 ad
1253 4271 1286 4324 te
1301 4252 1412 4344 impel-
