3309 5309
470 688 530 747 138
726 700 862 744 somnus
878 700 1157 745 sacasannrnnsrs
1281 685 1363 760 [mn.
1382 701 1419 746 11.

468 852 527 915 hoc
550 850 720 916 mandante
741 851 881 915 Domino
901 850 1043 915 demoliti
1065 867 1148 927 sunt,
1165 866 1195 916 et
1219 876 1321 938 quum
1338 853 1418 917 nulli

468 954 585 1018 ducum
612 953 671 1016 nisi
697 953 737 1016 de
760 976 854 1016 manu
881 953 1008 1018 Domini
1030 955 1229 1018 exercituum
1253 955 1419 1037 contingat

470 1055 610 1134 victoria,
622 1056 743 1119 auctori
754 1057 910 1120 bonorum
922 1078 983 1119 non
997 1056 1134 1119 referens
1143 1056 1289 1141 gloriam,
1299 1056 1420 1120 viribus

468 1157 534 1222 suia
554 1158 587 1220 in
602 1158 682 1220 facie
705 1156 816 1243 populi
839 1157 1017 1222 decollato
1039 1180 1169 1222 munere
1191 1157 1418 1245 applaudebat.

470 1260 520 1323 Sic
542 1262 625 1322 enim
642 1259 882 1342 scriptumest:
912 1261 1047 1324 Factum
1067 1273 1114 1324 est
1131 1260 1264 1324 verbum
1289 1259 1420 1324 Domini

468 1361 509 1426 ad
531 1359 728 1427 Samuelem:
753 1360 892 1426 Poenitet
914 1383 964 1424 me
986 1362 1073 1447 quod
1096 1361 1319 1426 constituerim
1343 1360 1419 1424 Saul

468 1484 586 1546 regem,
606 1461 683 1547 quia
705 1460 876 1548 dereliquit
896 1483 958 1537 me,
979 1477 1011 1526 et
1027 1463 1125 1527 verba
1147 1484 1216 1525 mea
1238 1484 1336 1548 opere
1357 1483 1417 1524 non

467 1564 621 1650 implevit.
667 1563 883 1628 Contristatus
909 1579 956 1628 est
984 1566 1122 1641 Samuel,
1147 1578 1179 1628 et
1203 1563 1353 1628 clamavit
1379 1562 1419 1628 ad

471 1666 643 1733 Dominum
660 1681 727 1730 tota
742 1679 844 1729 nocte.
879 1667 1053 1750 Quumque
1068 1668 1108 1730 de
1123 1677 1216 1729 nocte
1231 1664 1419 1729 surrexisset

468 1785 503 1838 ut
515 1772 575 1836 iret
591 1772 630 1835 ad
649 1768 787 1847 Saulem,
800 1791 891 1833 mane
902 1768 1088 1832 nunciatum
1103 1781 1151 1832 est
1168 1765 1319 1842 Samueli,
1332 1765 1419 1852 quod

469 1874 604 1938 venisset
620 1873 697 1938 Saul
717 1872 747 1935 in
770 1871 965 1950 Carmelum,
980 1884 1012 1934 et
1027 1873 1178 1936 erexisset
1194 1869 1253 1933 sibi
1267 1869 1418 1933 fornicem

469 1973 706 2059 triumphalem,
729 1984 760 2035 et
782 1995 929 2036 reversus
948 1971 1073 2052 fuisset,
1087 1970 1367 2056 descendissetque
1388 1969 1418 2033 in

470 2074 615 2160 Galgala.
662 2073 786 2138 Deinde
808 2074 847 2137 ad
871 2075 1103 2160 increpationes
1129 2073 1283 2137 Samuelis
1300 2072 1417 2135 crimen

468 2176 691 2243 inobedientia
706 2177 768 2240 sub
782 2190 943 2262 praetextu
956 2176 1116 2262 religionis
1131 2175 1243 2240 maluit
1259 2196 1420 2250 excusare,

468 2302 563 2367 quam
587 2278 691 2342 delere
713 2300 770 2363 per
792 2278 1031 2361 poenitentiam3
1058 2302 1131 2365 quae
1151 2277 1291 2343 secunda
1311 2275 1420 2342 tabula

469 2394 541 2467 post
572 2377 772 2462 naufragium
804 2378 912 2442 relicta
936 2394 983 2442 est
1008 2379 1176 2466 peccatori.
1228 2380 1286 2442 Ait
1317 2378 1418 2441 enim:

471 2484 543 2546 Imo
566 2481 674 2545 audivi
699 2502 807 2544 rocem
831 2480 973 2558 Domini,
995 2495 1026 2546 et
1050 2479 1212 2545 ambulavi
1233 2480 1266 2544 in
1288 2480 1341 2544 ria
1364 2500 1420 2565 per

469 2606 565 2669 quam
593 2582 677 2648 misit
704 2605 754 2647 me
782 2583 951 2658 Dominus,
977 2597 1009 2648 et
1039 2583 1164 2648 adduxi
1190 2587 1284 2668 agag
1312 2603 1418 2667 regern

469 2683 635 2759 Amalech,
648 2697 678 2748 et
697 2683 849 2747 Amalech
866 2684 1021 2748 interfeci.
1050 2683 1140 2749 Tulit
1157 2697 1263 2749 autem
1280 2682 1419 2769 populus

468 2786 509 2849 de
528 2785 637 2871 praeda
659 2809 735 2850 oves
756 2797 788 2850 et
810 2785 908 2850 boves
933 2786 1090 2872 primitias
1112 2808 1220 2850 eorum
1244 2808 1318 2871 quaa
1341 2805 1420 2849 caesa

468 2902 553 2969 sunt,
569 2901 605 2952 ut
621 2887 762 2952 immolet
779 2887 916 2952 Domino
934 2891 1003 2951 Deo
1018 2910 1076 2951 suo
1091 2888 1122 2951 in
1140 2887 1295 2971 Galgalis.
1336 2889 1418 2950 Ecce

467 2991 628 3076 quomodo
651 2989 808 3076 seipsum
834 3002 976 3066 excusat,
998 3003 1030 3054 et
1053 2989 1210 3076 quicquid
1235 2988 1341 3074 culpoe
1363 2999 1420 3067 est,

467 3105 524 3157 aut
549 3104 713 3171 extenuat,
738 3105 795 3156 aut
821 3091 963 3156 refundit
985 3092 1017 3154 in
1044 3091 1213 3176 populum.
1261 3091 1322 3155 Ait
1345 3111 1420 3176 ergo

470 3195 611 3263 Samuel:
626 3193 1026 3279 NunquidvultDominus
1037 3194 1256 3257 holocaustaet
1265 3192 1417 3267 victimas,

467 3311 499 3362 et
515 3319 576 3360 non
593 3298 699 3382 potius
722 3310 759 3360 ut
774 3297 945 3361 obediatur
961 3296 1030 3360 voci
1048 3296 1201 3361 Domini?
1239 3295 1358 3359 Melior
1372 3306 1418 3356 est

468 3400 550 3461 enim
566 3396 746 3460 obedientia
769 3420 865 3482 quam
882 3397 1037 3475 victimae3
1061 3409 1091 3460 et
1108 3396 1289 3460 auscultare
1311 3392 1418 3478 magia,

468 3519 565 3582 quam
580 3498 693 3562 offerre
715 3498 841 3583 adipem
860 3500 1006 3565 arietum.
1051 3499 1209 3576 Quoniam
1232 3500 1326 3584 quasi
1347 3517 1418 3582 pec·

468 3614 575 3665 catum
591 3600 744 3665 ariolandi
760 3613 807 3666 est
831 3624 1020 3686 repugnare,
1034 3615 1067 3666 et
1083 3601 1175 3686 quasi
1194 3599 1297 3664 scelus
1313 3597 1421 3662 Idolo·

469 3703 571 3769 latriae
586 3704 668 3768 nolle
688 3705 897 3788 acquiescere.
943 3707 1007 3768 Pro
1029 3729 1067 3768 eo
1086 3704 1174 3790 quod
1192 3702 1335 3790 abjecisti
1358 3724 1421 3766 ser·

470 3828 595 3870 monem
612 3805 743 3870 Domini
763 3806 878 3891 abjecit
900 3819 931 3869 te
947 3809 1105 3870 Dominus
1119 3829 1159 3869 ne
1175 3805 1217 3869 sis
1236 3827 1304 3870 rex.
1350 3805 1422 3888 Ego

469 3906 599 3994 quidem
630 3906 773 3970 similiter
802 3908 939 3971 arbitror
965 3910 1089 3972 evenire
1114 3909 1275 3985 omnibus,
1300 3905 1358 3992 qui
1389 3907 1419 3969 in

468 4007 664 4075 sublimitate
673 4005 838 4070 constituti
848 4008 966 4072 abeunt
976 4024 1047 4094 post
1057 4008 1330 4094 concupiscentias
1339 4030 1421 4085 suas,

469 4126 500 4177 et
526 4110 738 4197 principatum
764 4132 800 4172 ac
831 4109 1006 4175 dominium
1037 4111 1235 4188 simulantes,
1263 4125 1419 4175 tumorem

468 4237 561 4281 suum
576 4223 724 4277 exercent
740 4210 770 4274 in
787 4211 944 4293 subditos,
958 4228 1162 4300 coaequantes
1178 4213 1272 4278 libito
1288 4212 1420 4287 licitum,

468 4339 505 4380 ac
521 4317 546 4380 si
563 4314 644 4380 colla
660 4336 768 4377 eorum
781 4314 864 4399 jugo
878 4314 996 4381 divinae
1013 4316 1091 4400 legis
1106 4316 1251 4403 subjecta
1265 4336 1330 4378 non
1347 4313 1420 4388 sint,
