3309 5309
350 661 410 719 294
590 669 729 716 rasurus
745 667 1025 714 sanssaaarnnsrs
1174 654 1258 728 [nra.
1274 673 1305 721 v,

350 835 384 889 et
398 821 505 909 opinio
515 818 667 886 bonitatis
682 820 751 905 ejus
764 817 798 882 in
814 829 939 885 tantum
952 818 1130 905 praevaluit,
1145 832 1182 884 ut
1195 820 1304 886 amicis

350 924 554 992 laudantibus
583 921 634 988 rel
663 920 899 989 assentantibus
928 921 1128 989 occasionem
1158 923 1304 1007 magnifi-

350 1027 523 1095 centissimi
538 1035 669 1113 proestst
687 1023 836 1109 exempli.
884 1024 986 1089 Recte
1006 1024 1156 1091 laudatur
1170 1025 1204 1089 in
1218 1024 1304 1091 Julio

350 1132 448 1198 animi
461 1128 649 1215 magnitudo
659 1127 779 1205 invicti,
789 1139 823 1192 et
834 1127 974 1194 efficacia
982 1128 1097 1214 operis,
1106 1150 1209 1216 quum
1219 1128 1305 1195 illius

349 1257 451 1312 mens,
471 1246 506 1298 et
524 1255 638 1298 manus
656 1232 697 1297 ad
717 1231 783 1297 lere
802 1230 1011 1317 impossibilia
1032 1231 1093 1298 sibi
1110 1231 1300 1301 suffecerint.

351 1338 499 1413 Quantus
521 1335 554 1400 iu
579 1345 701 1400 armata
727 1332 843 1399 militia
865 1332 971 1412 luerit,
995 1357 1059 1400 non
1084 1335 1183 1402 modo
1206 1334 1302 1414 Galli,

351 1439 562 1526 Britouasque
585 1437 725 1524 primum
747 1436 789 1502 ab
811 1458 851 1501 eo
872 1437 1007 1515 subacti,
1030 1437 1087 1503 sad
1113 1449 1182 1504 tota
1204 1438 1302 1505 civilis

349 1539 425 1607 belli
448 1541 585 1619 fortuna,
608 1552 642 1605 et
665 1541 823 1606 Caesarsoe
844 1539 959 1606 dumus
981 1539 1079 1607 series
1103 1552 1302 1628 protestatur.

351 1643 390 1708 In
405 1641 593 1709 litteratorio
611 1641 718 1708 studio
737 1651 846 1706 tantus
870 1653 948 1718 erat,
966 1653 1002 1707 ut
1021 1653 1194 1728 quaternas
1207 1642 1301 1709 simul

348 1747 484 1813 dictaret
498 1745 656 1834 epistolas.
702 1745 785 1821 Quis
804 1747 839 1809 in
854 1745 938 1830 juris
954 1745 1054 1812 civilis
1068 1744 1185 1833 peritia
1198 1745 1303 1826 fuerit,

348 1850 471 1915 r‘eteres
488 1848 707 1913 Romanorum
721 1846 865 1913 indicant
880 1847 978 1932 leges.
1022 1847 1169 1915 Potentis
1183 1847 1302 1935 ingenii

348 1950 430 2017 vires
445 1973 541 2039 quam
553 1950 676 2036 jugiter
690 1949 723 2014 iu
738 1948 938 2037 philosophia
952 1951 1141 2028 exercuerit,
1150 1951 1303 2038 praedicst

348 2064 381 2118 et
404 2053 528 2119 extollit
550 2052 602 2119 vel
624 2053 690 2119 sols
712 2051 854 2119 inventio
883 2052 1029 2122 Bissenti.
1073 2053 1173 2131 Quod
1195 2067 1301 2123 auteur

347 2155 496 2222 omnibus
516 2154 695 2223 mirabilius
717 2169 776 2236 est,
798 2155 972 2232 amoribus,
994 2166 1027 2221 et
1048 2157 1185 2242 negotiis
1206 2156 1299 2224 simul

346 2279 476 2342 operam
505 2257 613 2334 dabat,
644 2271 677 2322 et
706 2257 740 2321 in
770 2257 912 2342 singulis,
943 2281 1017 2345 quae
1045 2259 1300 2344 aggrediebatur,
1374 2331 1378 2339 ,

346 2369 454 2424 tantus
468 2369 547 2435 erat,
564 2369 600 2423 ut
614 2357 660 2422 ais
673 2357 747 2423 solis
762 2380 875 2423 vacare
897 2360 1091 2442 crederetur,
1106 2360 1202 2426 simul
1217 2373 1300 2426 totus

346 2472 415 2527 erat
436 2460 644 2547 singulorum,
660 2473 693 2526 et
714 2460 869 2528 omnium.
917 2462 1045 2528 Laudes
1064 2486 1140 2529 vero
1162 2464 1299 2549 Augusti

347 2574 433 2630 totus
456 2564 542 2629 orbis
563 2563 777 2642 coucelebrat,
801 2576 835 2628 et
860 2564 973 2630 Titum
999 2587 1141 2631 amorem
1167 2566 1299 2632 humaui

345 2667 483 2752 generis,
497 2689 569 2733 suas
583 2665 705 2732 scilicet
723 2665 860 2744 delitias,
872 2668 1018 2754 jucunda
1036 2667 1192 2734 memoria
1205 2691 1300 2735 vene·

346 2781 442 2837 ratur.
494 2770 564 2856 Ego
591 2771 641 2835 bis
669 2770 818 2835 omnibus
848 2771 1024 2856 Trajanum
1053 2771 1205 2857 praelcrre
1234 2794 1297 2837 non

345 2875 468 2952 dubito,
492 2874 603 2962 quiin
627 2873 722 2940 solius
745 2872 869 2939 virtutis
898 2874 999 2954 cultu,
1023 2874 1114 2960 regni
1137 2875 1298 2941 constituit

345 2979 556 3063 majestatem.
600 2976 754 3042 Ethicum
770 2976 864 3062 juxta
878 2976 934 3063 qui
950 2988 1037 3043 recte
1051 2978 1174 3055 fecerit,
1191 2999 1296 3063 regem

345 3080 524 3147 arbitratur.
550 3080 634 3145 Tale
648 3090 697 3144 ast
710 3078 790 3143 illud
805 3079 893 3166 quod
908 3079 968 3145 sub
985 3079 1114 3145 nomina
1125 3079 1298 3147 Theodosii

345 3184 489 3272 praecipit
505 3183 720 3250 Claudianus:

449 3359 493 3412 Tu
504 3359 566 3412 licet
577 3364 708 3412 extremos
718 3357 772 3411 late
784 3358 914 3413 dominere
926 3377 972 3430 per
984 3357 1074 3424 ludos,

448 3445 490 3497 Te
502 3443 608 3510 Medus,
619 3450 647 3497 te
659 3443 743 3498 mollis
755 3444 851 3510 Arabs,
862 3450 888 3497 te
901 3444 978 3498 Seres
989 3443 1108 3512 adorent,

448 3529 477 3582 si
489 3530 594 3593 metuis,
606 3531 629 3582 si
641 3547 720 3602 prava
731 3529 812 3602 cupis,
824 3530 847 3582 si
860 3529 961 3583 dureris
972 3531 1020 3596 irs,

450 3616 554 3670 Servilii
564 3615 663 3688 patiere
671 3616 774 3687 jugum,
786 3614 910 3668 tolerabis
921 3616 1024 3685 iniquas

449 3702 561 3756 Interius
572 3701 656 3770 leges,
667 3707 729 3755 tunc
740 3702 826 3755 omnia
834 3701 893 3773 jure
905 3702 1009 3756 tenebis

447 3787 537 3849 Quum
548 3789 644 3859 poteris
655 3805 703 3841 rex
714 3805 771 3841 essa
782 3789 834 3841 tui:
853 3786 986 3860 proclivior
996 3806 1059 3843 usus

448 3871 480 3924 ln
491 3873 581 3944 pejora
592 3873 676 3937 datur,
689 3874 832 3943 suadetque
843 3873 951 3927 licentia
962 3874 1063 3940 luxum,

447 3954 632 4024 illecebrisque
645 3958 743 4011 effrena
753 3958 834 4025 favet,
846 3965 907 4012 tunc
918 3961 1003 4013 vivere
1015 3965 1085 4012 caste

447 4041 583 4114 Asperius,
595 4061 673 4110 quum
685 4049 803 4114 prompta
816 4045 923 4099 Venus:
942 4051 997 4098 tum
1010 4046 1099 4098 durius
1111 4047 1158 4100 irse

446 4127 604 4193 oonsulirur,
616 4146 694 4196 quum
704 4146 783 4200 poena
793 4135 884 4202 patet:
902 4131 950 4184 sed
961 4130 1100 4202 comprime
1110 4138 1207 4197 motus,

446 4215 473 4268 N
475 4235 504 4268 ea
516 4215 564 4268 tibi
576 4215 639 4286 quid
651 4214 737 4281 liceat,
750 4216 797 4271 scd
809 4216 872 4285 quid
883 4215 977 4271 fecisse
988 4217 1094 4271 decebit

444 4303 578 4370 Occurrat,
591 4308 757 4374 mentemque
771 4304 859 4358 domet
871 4311 1002 4378 respectus
1014 4305 1127 4359 bonesti.
