3309 5309
349 657 413 716 889
606 662 741 708 roussrs
757 658 1035 705 srausuaarsusrs
1181 636 1262 714 [nro.
1278 654 1304 697 v.

355 828 492 905 portant.
546 818 610 878 Aut
636 817 661 876 si
686 814 935 877 emolumentum
962 832 1030 872 esse
1065 831 1129 872 non
1154 809 1242 881 licet,
1268 804 1306 867 sit

355 925 468 986 saltem
494 916 713 999 compensatio
739 924 923 996 sumptuum
950 925 983 974 et
1010 910 1209 972 damnorum.
1264 908 1305 969 Hi

355 1033 463 1084 tamen
478 1019 538 1079 rari
555 1025 638 1079 suut.
684 1013 766 1086 Quis
781 1011 868 1074 enim
891 1011 1050 1074 erubescit
1072 1009 1195 1072 dicere:
1223 996 1314 1078 Quid

356 1121 436 1184 mihi
453 1117 543 1181 dabis
571 1129 606 1179 ut
631 1115 689 1177 tibi
710 1113 867 1196 justitiam
893 1109 1028 1175 faciam?
1086 1110 1170 1172 Nem
1198 1121 1232 1170 ut
1253 1127 1309 1190 pro

358 1223 464 1305 seipsa
484 1219 684 1289 exhibeatur,
708 1216 822 1277 frustra
843 1224 1006 1296 expectas.
1063 1214 1182 1274 Nonne
1207 1209 1305 1271 simile

357 1339 414 1397 est,
431 1343 468 1384 ac
485 1321 511 1381 si
528 1319 662 1394 dicatur,
678 1316 757 1400 quid
779 1317 874 1379 vultis
889 1316 966 1377 mihi
988 1315 1063 1378 dare
1079 1325 1115 1376 ut
1129 1333 1180 1375 me
1205 1312 1307 1393 ipsum

355 1428 525 1504 abnegem,
540 1421 681 1483 officium
697 1418 841 1503 prodam,
857 1428 888 1480 et
903 1417 1067 1480 dominum
1083 1411 1245 1478 rendum?

357 1614 440 1694 Cap.
460 1615 506 1672 17.
532 1609 711 1671 Pecuniam
728 1605 992 1667 contemnendam
1011 1623 1075 1665 esre
1091 1621 1166 1682 prce
1184 1599 1308 1680 sopien-

399 1715 466 1775 tia:
501 1707 585 1790 quod
604 1710 702 1771 etium
717 1713 856 1768 veterum
876 1703 1137 1785 Philosophorum
1156 1701 1309 1782 probetur

398 1813 558 1893 enemplia.

398 1941 589 2003 Laouurua
603 1936 732 2019 plurimi
752 1934 1018 2016 Philosophorum
1035 1953 1100 1995 nou
1116 1929 1213 1994 modo
1229 1930 1306 1993 diri·

356 2042 415 2103 tias
430 2039 669 2121 contempsisse,
685 2030 741 2100 ied
757 2035 924 2120 abjecisse,
936 2035 1027 2117 quasi
1043 2034 1305 2117 impedimentum

355 2143 520 2226 sapientiai
536 2155 568 2203 ct
582 2139 715 2202 virtutis.
762 2138 853 2200 Fecit
867 2137 928 2198 hoc
951 2137 1110 2213 Socrates,
1130 2156 1226 2218 quem
1242 2155 1305 2195 om·

354 2243 442 2302 nium
460 2239 722 2322 philosophorum
741 2248 836 2300 sectae
853 2236 943 2320 quasi
967 2235 1157 2318 prudentiae,
1172 2247 1204 2296 et
1229 2233 1306 2296 veri·

352 2342 427 2403 tatis
442 2341 573 2402 unicum
591 2338 711 2399 fontem
729 2351 928 2399 venerantur.
956 2337 1161 2399 Antisthenes
1177 2354 1303 2419 quoquo

354 2461 452 2523 quum
474 2439 609 2519 gloriose
628 2438 819 2502 rhetoricam
839 2438 1010 2516 docuisset,
1025 2439 1233 2522 audissetque
1250 2439 1303 2501 So-

354 2555 485 2617 cratem,
513 2541 633 2605 dixisse
660 2541 757 2605 fertur
790 2540 831 2604 ad
858 2541 1035 2626 discipulos
1060 2563 1154 2604 suos:
1201 2542 1304 2615 Abire,

353 2645 539 2724 magistrum
556 2642 697 2725 querite,
715 2665 775 2724 ego
791 2644 876 2706 enirn
888 2643 956 2727 jam
974 2645 1085 2726 reperi.
1124 2645 1302 2726 Statimque

353 2745 489 2809 venditis
514 2766 586 2827 quae
613 2742 762 2822 habebat,
789 2756 820 2808 et
851 2746 982 2828 publice
1011 2745 1201 2823 distributis,
1225 2746 1305 2809 nihil

353 2848 414 2911 sibi
427 2847 499 2929 plus
512 2867 607 2929 quam
620 2847 783 2928 palliolum
802 2848 981 2909 reservarit.
1014 2845 1124 2930 Hujus
1140 2847 1304 2928 Diogenes

350 2948 405 3010 ille
427 2945 659 3009 famosissimus
680 2956 817 3009 sectator
840 2947 909 3023 suit,
929 2948 1090 3029 potentior
1112 2969 1186 3028 rege
1209 2947 1304 3010 Alex-

352 3047 463 3121 andr0,
479 3058 511 3111 et
525 3059 644 3109 naturae
659 3047 806 3110 humanae
830 3047 937 3111 victor.
982 3048 1087 3118 Quum
1114 3061 1222 3111 autem
1244 3052 1306 3111 An-

354 3149 506 3212 tisthenes
532 3146 763 3228 discipulorum
793 3148 914 3209 nullum
946 3147 1111 3230 reciperet,
1140 3160 1174 3211 et
1200 3170 1303 3232 perse·

353 3260 513 3312 verentem
531 3248 712 3328 Diogenem
734 3267 891 3311 removere
913 3270 978 3312 non
998 3261 1119 3332 posset,
1134 3252 1305 3313 novissime

354 3351 385 3412 ei
397 3350 535 3411 minatus
547 3361 597 3411 est
608 3349 742 3421 clavam,
755 3349 816 3411 nisi
828 3349 939 3411 abiret.
971 3350 1054 3412 Tum
1064 3351 1117 3413 ille
1130 3352 1304 3435 subjecisse

352 3460 448 3534 caput
464 3449 561 3511 fertur
572 3460 666 3531 atque
680 3449 820 3513 dixisse:
849 3453 966 3514 Nullus
978 3462 1041 3515 tam
1061 3453 1159 3517 durus
1171 3456 1303 3518 baculus

351 3552 421 3626 erit,
439 3550 493 3634 qui
509 3570 559 3611 me
576 3570 595 3611 a
615 3560 670 3610 tuo
690 3550 792 3632 possit
812 3552 971 3615 consortio
992 3572 1149 3634 seperare.
1197 3555 1304 3617 Refert

351 3653 492 3732 Satyrus,
529 3652 584 3732 qui
622 3652 758 3714 virorum
795 3652 965 3717 illustrium
1001 3656 1111 3719 scribit
1144 3656 1304 3731 historias,

349 3750 436 3833 quod
452 3751 511 3814 iste
535 3753 698 3833 Diogenes
717 3754 850 3835 palliolo
872 3754 994 3837 duplici
1016 3778 1093 3820 usus
1115 3760 1155 3821 sit
1175 3768 1303 3842 propter

349 3853 457 3933 frigus,
474 3871 582 3932 peram
604 3874 662 3934 pro
688 3853 818 3917 cellario
844 3857 1001 3934 habuerit,
1029 3879 1204 3940 secumque
1230 3879 1301 3942 por·

348 3952 470 4030 taverit,
494 3963 525 4014 et
549 3953 636 4033 quod
662 3954 784 4016 clavam
812 3956 942 4036 gerebat
968 3961 1010 4020 ob
1036 3963 1216 4043 corpusculi
1243 3962 1300 4023 sra-

345 4054 511 4137 gilitatem,
528 4054 668 4138 quajam
693 4077 794 4120 senex
820 4063 963 4124 membra
989 4071 1166 4125 sustentare
1191 4063 1302 4125 solitus

345 4168 422 4233 erat,
438 4171 469 4220 et
484 4157 676 4221 emorathios
691 4160 786 4241 vulgo
803 4159 845 4222 sit
861 4164 1050 4245 appellatus
1065 4164 1098 4225 in
1111 4179 1297 4246 praesentem

343 4257 452 4321 horam
469 4280 605 4343 poscens
622 4284 640 4324 a
656 4262 800 4343 quolibet
816 4274 848 4326 et
873 4265 1038 4346 accipiens
1064 4265 1184 4328 cibum.
1231 4266 1299 4328 Ha·
