<?xml version="1.0" encoding="UTF-8"?>
<!DOCTYPE html PUBLIC "-//W3C//DTD XHTML 1.0 Transitional//EN"
    "http://www.w3.org/TR/xhtml1/DTD/xhtml1-transitional.dtd">
<html xmlns="http://www.w3.org/1999/xhtml" xml:lang="en" lang="en">
 <head>
  <title>
</title>
<meta http-equiv="Content-Type" content="text/html;charset=utf-8" />
  <meta name='ocr-system' content='tesseract 3.04.00' />
  <meta name='ocr-capabilities' content='ocr_page ocr_carea ocr_par ocr_line ocrx_word'/>
</head>
<body>
  <div class='ocr_page' id='page_1' title='image "./joannissaresber04johngoog_0295.png"; bbox 0 0 3309 5309; ppageno 0'>
   <div class='ocr_carea' id='block_1_1' title="bbox 697 667 2607 747">
    <p class='ocr_par' dir='ltr' id='par_1_1' title="bbox 697 667 2607 747">
     <span class='ocr_line' id='line_1_1' title="bbox 697 667 2607 747; baseline 0.002 -17"><span class='ocrx_word' id='word_1_1' title='bbox 697 685 839 730; x_wconf 63' lang='lat' dir='ltr'><strong>cap,</strong></span> <span class='ocrx_word' id='word_1_2' title='bbox 875 667 997 747; x_wconf 90' lang='lat' dir='ltr'><strong>v1.]</strong></span> <span class='ocrx_word' id='word_1_3' title='bbox 1404 685 1913 735; x_wconf 51' lang='lat' dir='ltr'><strong>permaneus,</strong></span> <span class='ocrx_word' id='word_1_4' title='bbox 2481 677 2607 735; x_wconf 76' lang='lat'><strong>279</strong></span> 
     </span>
    </p>
   </div>
   <div class='ocr_carea' id='block_1_2' title="bbox 693 835 2629 4378">
    <p class='ocr_par' dir='ltr' id='par_1_2' title="bbox 693 835 2629 4378">
     <span class='ocr_line' id='line_1_2' title="bbox 696 835 2601 924; baseline 0.002 -25"><span class='ocrx_word' id='word_1_5' title='bbox 696 848 885 900; x_wconf 86' lang='lat' dir='ltr'><strong>terrae</strong></span> <span class='ocrx_word' id='word_1_6' title='bbox 928 835 1115 921; x_wconf 88' lang='lat' dir='ltr'><strong>cujus</strong></span> <span class='ocrx_word' id='word_1_7' title='bbox 1158 857 1271 898; x_wconf 88' lang='lat' dir='ltr'><strong>rex</strong></span> <span class='ocrx_word' id='word_1_8' title='bbox 1313 857 1476 919; x_wconf 91' lang='lat' dir='ltr'><strong>puer</strong></span> <span class='ocrx_word' id='word_1_9' title='bbox 1519 849 1637 914; x_wconf 89' lang='lat' dir='ltr'><strong>est,</strong></span> <span class='ocrx_word' id='word_1_10' title='bbox 1683 851 1747 903; x_wconf 91' lang='lat' dir='ltr'><strong>et</strong></span> <span class='ocrx_word' id='word_1_11' title='bbox 1795 839 1983 924; x_wconf 88' lang='lat' dir='ltr'><strong>cujus</strong></span> <span class='ocrx_word' id='word_1_12' title='bbox 2033 837 2367 902; x_wconf 90' lang='lat' dir='ltr'><strong>consiliarii</strong></span> <span class='ocrx_word' id='word_1_13' title='bbox 2418 861 2601 903; x_wconf 87' lang='lat' dir='ltr'><strong>mane</strong></span> 
     </span>
     <span class='ocr_line' id='line_1_3' title="bbox 693 935 2601 1025; baseline 0.001 -25"><span class='ocrx_word' id='word_1_14' title='bbox 693 935 1059 1000; x_wconf 86' lang='lat' dir='ltr'><strong>comedunt.</strong></span> <span class='ocrx_word' id='word_1_15' title='bbox 1135 936 1338 1000; x_wconf 91' lang='lat' dir='ltr'><strong>Beata</strong></span> <span class='ocrx_word' id='word_1_16' title='bbox 1361 948 1531 1000; x_wconf 87' lang='lat' dir='ltr'><strong>terra</strong></span> <span class='ocrx_word' id='word_1_17' title='bbox 1559 939 1747 1023; x_wconf 89' lang='lat' dir='ltr'><strong>cujus</strong></span> <span class='ocrx_word' id='word_1_18' title='bbox 1777 960 1886 1001; x_wconf 90' lang='lat' dir='ltr'><strong>rex</strong></span> <span class='ocrx_word' id='word_1_19' title='bbox 1919 937 2148 1002; x_wconf 89' lang='lat' dir='ltr'><strong>nobilis</strong></span> <span class='ocrx_word' id='word_1_20' title='bbox 2176 950 2294 1015; x_wconf 91' lang='lat' dir='ltr'><strong>est,</strong></span> <span class='ocrx_word' id='word_1_21' title='bbox 2318 949 2383 1002; x_wconf 92' lang='lat' dir='ltr'><strong>et</strong></span> <span class='ocrx_word' id='word_1_22' title='bbox 2412 940 2601 1025; x_wconf 85' lang='lat' dir='ltr'><strong>cujus</strong></span> 
     </span>
     <span class='ocr_line' id='line_1_4' title="bbox 695 1038 2602 1123; baseline 0.002 -23"><span class='ocrx_word' id='word_1_23' title='bbox 695 1038 1018 1123; x_wconf 84' lang='lat' dir='ltr'><strong>principes</strong></span> <span class='ocrx_word' id='word_1_24' title='bbox 1049 1048 1395 1102; x_wconf 89' lang='lat' dir='ltr'><strong>vescuntur</strong></span> <span class='ocrx_word' id='word_1_25' title='bbox 1437 1049 1720 1123; x_wconf 87' lang='lat' dir='ltr'><strong>tempore</strong></span> <span class='ocrx_word' id='word_1_26' title='bbox 1751 1062 1889 1121; x_wconf 81' lang='lat' dir='ltr'><strong>sun,</strong></span> <span class='ocrx_word' id='word_1_27' title='bbox 1918 1040 2000 1105; x_wconf 93' lang='lat' dir='ltr'><strong>ad</strong></span> <span class='ocrx_word' id='word_1_28' title='bbox 2040 1040 2443 1105; x_wconf 89' lang='lat' dir='ltr'><strong>refectionem</strong></span> <span class='ocrx_word' id='word_1_29' title='bbox 2477 1062 2602 1105; x_wconf 93' lang='lat' dir='ltr'><strong>non</strong></span> 
     </span>
     <span class='ocr_line' id='line_1_5' title="bbox 695 1137 2602 1228; baseline 0.003 -26"><span class='ocrx_word' id='word_1_30' title='bbox 695 1137 781 1202; x_wconf 85' lang='lat' dir='ltr'><strong>ad</strong></span> <span class='ocrx_word' id='word_1_31' title='bbox 834 1138 1180 1202; x_wconf 83' lang='lat' dir='ltr'><strong>luxuriam.</strong></span> <span class='ocrx_word' id='word_1_32' title='bbox 1286 1139 1389 1203; x_wconf 88' lang='lat' dir='ltr'><strong>Ibi</strong></span> <span class='ocrx_word' id='word_1_33' title='bbox 1439 1143 1607 1204; x_wconf 90' lang='lat' dir='ltr'><strong>enim</strong></span> <span class='ocrx_word' id='word_1_34' title='bbox 1656 1140 1966 1226; x_wconf 81' lang='lat' dir='ltr'><strong>sapientia</strong></span> <span class='ocrx_word' id='word_1_35' title='bbox 2012 1164 2145 1206; x_wconf 90' lang='lat' dir='ltr'><strong>esse</strong></span> <span class='ocrx_word' id='word_1_36' title='bbox 2194 1164 2321 1207; x_wconf 91' lang='lat' dir='ltr'><strong>non</strong></span> <span class='ocrx_word' id='word_1_37' title='bbox 2372 1154 2602 1228; x_wconf 90' lang='lat' dir='ltr'><strong>potest.</strong></span> 
     </span>
     <span class='ocr_line' id='line_1_6' title="bbox 698 1239 2604 1328; baseline 0.002 -25"><span class='ocrx_word' id='word_1_38' title='bbox 698 1239 877 1304; x_wconf 91' lang='lat' dir='ltr'><strong>Hinc</strong></span> <span class='ocrx_word' id='word_1_39' title='bbox 916 1252 1174 1305; x_wconf 90' lang='lat' dir='ltr'><strong>sanctus</strong></span> <span class='ocrx_word' id='word_1_40' title='bbox 1218 1241 1386 1305; x_wconf 86' lang='lat' dir='ltr'><strong>Job:</strong></span> <span class='ocrx_word' id='word_1_41' title='bbox 1465 1242 1795 1327; x_wconf 83' lang='lat' dir='ltr'><strong>Sapientia</strong></span> <span class='ocrx_word' id='word_1_42' title='bbox 1833 1241 1945 1307; x_wconf 89' lang='lat' dir='ltr'><strong>ubi</strong></span> <span class='ocrx_word' id='word_1_43' title='bbox 1982 1243 2331 1320; x_wconf 91' lang='lat' dir='ltr'><strong>invenitur,</strong></span> <span class='ocrx_word' id='word_1_44' title='bbox 2362 1255 2424 1307; x_wconf 93' lang='lat' dir='ltr'><strong>et</strong></span> <span class='ocrx_word' id='word_1_45' title='bbox 2456 1242 2604 1328; x_wconf 89' lang='lat' dir='ltr'><strong>quis</strong></span> 
     </span>
     <span class='ocr_line' id='line_1_7' title="bbox 698 1341 2608 1430; baseline 0.001 -24"><span class='ocrx_word' id='word_1_46' title='bbox 698 1353 795 1406; x_wconf 90' lang='lat' dir='ltr'><strong>est</strong></span> <span class='ocrx_word' id='word_1_47' title='bbox 839 1342 1016 1407; x_wconf 90' lang='lat' dir='ltr'><strong>locus</strong></span> <span class='ocrx_word' id='word_1_48' title='bbox 1056 1341 1549 1427; x_wconf 62' lang='lat' dir='ltr'><strong>intelligentiae?</strong></span> <span class='ocrx_word' id='word_1_49' title='bbox 1625 1344 1842 1409; x_wconf 80' lang='lat' dir='ltr'><strong>Nescit</strong></span> <span class='ocrx_word' id='word_1_50' title='bbox 1889 1343 2079 1409; x_wconf 90' lang='lat' dir='ltr'><strong>homo</strong></span> <span class='ocrx_word' id='word_1_51' title='bbox 2122 1345 2397 1430; x_wconf 87' lang='lat' dir='ltr'><strong>pretium</strong></span> <span class='ocrx_word' id='word_1_52' title='bbox 2443 1345 2608 1429; x_wconf 89' lang='lat' dir='ltr'><strong>ejus,</strong></span> 
     </span>
     <span class='ocr_line' id='line_1_8' title="bbox 698 1445 2605 1512; baseline 0.001 -4"><span class='ocrx_word' id='word_1_53' title='bbox 698 1466 816 1508; x_wconf 89' lang='lat' dir='ltr'><strong>nec</strong></span> <span class='ocrx_word' id='word_1_54' title='bbox 876 1446 1200 1510; x_wconf 89' lang='lat' dir='ltr'><strong>invenitur</strong></span> <span class='ocrx_word' id='word_1_55' title='bbox 1255 1445 1323 1509; x_wconf 93' lang='lat' dir='ltr'><strong>in</strong></span> <span class='ocrx_word' id='word_1_56' title='bbox 1393 1457 1563 1510; x_wconf 88' lang='lat' dir='ltr'><strong>terra</strong></span> <span class='ocrx_word' id='word_1_57' title='bbox 1622 1450 1904 1512; x_wconf 84' lang='lat' dir='ltr'><strong>suaviter</strong></span> <span class='ocrx_word' id='word_1_58' title='bbox 1961 1446 2336 1512; x_wconf 69' lang='lat' dir='ltr'><strong>viventium.</strong></span> <span class='ocrx_word' id='word_1_59' title='bbox 2455 1451 2605 1512; x_wconf 93' lang='lat' dir='ltr'><strong>Non</strong></span> 
     </span>
     <span class='ocr_line' id='line_1_9' title="bbox 700 1545 2607 1634; baseline 0.002 -25"><span class='ocrx_word' id='word_1_60' title='bbox 700 1547 1066 1633; x_wconf 85' lang='lat' dir='ltr'><strong>aequabitur</strong></span> <span class='ocrx_word' id='word_1_61' title='bbox 1107 1546 1164 1611; x_wconf 90' lang='lat' dir='ltr'><strong>ei</strong></span> <span class='ocrx_word' id='word_1_62' title='bbox 1208 1545 1557 1612; x_wconf 90' lang='lat' dir='ltr'><strong>labentium</strong></span> <span class='ocrx_word' id='word_1_63' title='bbox 1597 1548 1963 1634; x_wconf 86' lang='lat' dir='ltr'><strong>quicquam,</strong></span> <span class='ocrx_word' id='word_1_64' title='bbox 1993 1548 2271 1614; x_wconf 89' lang='lat' dir='ltr'><strong>trabitur</strong></span> <span class='ocrx_word' id='word_1_65' title='bbox 2306 1552 2475 1614; x_wconf 91' lang='lat' dir='ltr'><strong>enim</strong></span> <span class='ocrx_word' id='word_1_66' title='bbox 2513 1571 2607 1612; x_wconf 89' lang='lat' dir='ltr'><strong>sa-</strong></span> 
     </span>
     <span class='ocr_line' id='line_1_10' title="bbox 699 1647 2610 1736; baseline 0.003 -26"><span class='ocrx_word' id='word_1_67' title='bbox 699 1647 944 1734; x_wconf 86' lang='lat' dir='ltr'><strong>pientia</strong></span> <span class='ocrx_word' id='word_1_68' title='bbox 971 1647 1054 1712; x_wconf 90' lang='lat' dir='ltr'><strong>de</strong></span> <span class='ocrx_word' id='word_1_69' title='bbox 1082 1648 1370 1713; x_wconf 65' lang='lat' dir='ltr'><strong>occultis</strong></span> <span class='ocrx_word' id='word_1_70' title='bbox 1460 1650 1687 1735; x_wconf 89' lang='lat' dir='ltr'><strong>Longe</strong></span> <span class='ocrx_word' id='word_1_71' title='bbox 1718 1650 1938 1714; x_wconf 87' lang='lat' dir='ltr'><strong>utilius</strong></span> <span class='ocrx_word' id='word_1_72' title='bbox 1959 1652 2227 1736; x_wconf 91' lang='lat' dir='ltr'><strong>juvenes</strong></span> <span class='ocrx_word' id='word_1_73' title='bbox 2256 1649 2610 1736; x_wconf 88' lang='lat' dir='ltr'><strong>repulisset,</strong></span> 
     </span>
     <span class='ocr_line' id='line_1_11' title="bbox 701 1750 2610 1835; baseline 0 -21"><span class='ocrx_word' id='word_1_74' title='bbox 701 1750 1110 1835; x_wconf 87' lang='lat' dir='ltr'><strong>acquiescens</strong></span> <span class='ocrx_word' id='word_1_75' title='bbox 1137 1750 1399 1815; x_wconf 91' lang='lat' dir='ltr'><strong>consilio</strong></span> <span class='ocrx_word' id='word_1_76' title='bbox 1420 1751 1758 1827; x_wconf 88' lang='lat' dir='ltr'><strong>seniorum,</strong></span> <span class='ocrx_word' id='word_1_77' title='bbox 1784 1753 1978 1816; x_wconf 91' lang='lat' dir='ltr'><strong>vitam</strong></span> <span class='ocrx_word' id='word_1_78' title='bbox 2012 1750 2182 1816; x_wconf 89' lang='lat' dir='ltr'><strong>beati</strong></span> <span class='ocrx_word' id='word_1_79' title='bbox 2206 1752 2252 1813; x_wconf 89' lang='lat' dir='ltr'><strong>J</strong></span> <span class='ocrx_word' id='word_1_80' title='bbox 2255 1750 2340 1815; x_wconf 93' lang='lat' dir='ltr'><strong>ob</strong></span> <span class='ocrx_word' id='word_1_81' title='bbox 2367 1751 2610 1814; x_wconf 90' lang='lat' dir='ltr'><strong>habens</strong></span> 
     </span>
     <span class='ocr_line' id='line_1_12' title="bbox 703 1852 2609 1939; baseline -0.001 -23"><span class='ocrx_word' id='word_1_82' title='bbox 703 1852 1015 1938; x_wconf 88' lang='lat' dir='ltr'><strong>regnandi</strong></span> <span class='ocrx_word' id='word_1_83' title='bbox 1057 1852 1348 1917; x_wconf 85' lang='lat' dir='ltr'><strong>formam.</strong></span> <span class='ocrx_word' id='word_1_84' title='bbox 1438 1853 1622 1918; x_wconf 92' lang='lat' dir='ltr'><strong>Audi</strong></span> <span class='ocrx_word' id='word_1_85' title='bbox 1669 1876 1823 1938; x_wconf 89' lang='lat' dir='ltr'><strong>ergo</strong></span> <span class='ocrx_word' id='word_1_86' title='bbox 1865 1853 2023 1939; x_wconf 87' lang='lat' dir='ltr'><strong>quid</strong></span> <span class='ocrx_word' id='word_1_87' title='bbox 2070 1852 2152 1917; x_wconf 92' lang='lat' dir='ltr'><strong>de</strong></span> <span class='ocrx_word' id='word_1_88' title='bbox 2199 1874 2265 1917; x_wconf 90' lang='lat' dir='ltr'><strong>se</strong></span> <span class='ocrx_word' id='word_1_89' title='bbox 2307 1852 2609 1916; x_wconf 89' lang='lat' dir='ltr'><strong>fateatur.</strong></span> 
     </span>
     <span class='ocr_line' id='line_1_13' title="bbox 706 1953 2612 2041; baseline -0.001 -23"><span class='ocrx_word' id='word_1_90' title='bbox 706 1954 982 2029; x_wconf 87' lang='lat' dir='ltr'><strong>Quando</strong></span> <span class='ocrx_word' id='word_1_91' title='bbox 1024 1955 1316 2020; x_wconf 85' lang='lat' dir='ltr'><strong>lavabam</strong></span> <span class='ocrx_word' id='word_1_92' title='bbox 1362 1954 1557 2041; x_wconf 88' lang='lat' dir='ltr'><strong>pedes</strong></span> <span class='ocrx_word' id='word_1_93' title='bbox 1603 1977 1778 2020; x_wconf 92' lang='lat' dir='ltr'><strong>meos</strong></span> <span class='ocrx_word' id='word_1_94' title='bbox 1821 1956 2081 2041; x_wconf 89' lang='lat' dir='ltr'><strong>butyro,</strong></span> <span class='ocrx_word' id='word_1_95' title='bbox 2125 1968 2188 2017; x_wconf 91' lang='lat' dir='ltr'><strong>et</strong></span> <span class='ocrx_word' id='word_1_96' title='bbox 2233 1966 2416 2039; x_wconf 86' lang='lat' dir='ltr'><strong>petra</strong></span> <span class='ocrx_word' id='word_1_97' title='bbox 2464 1953 2612 2017; x_wconf 89' lang='lat' dir='ltr'><strong>fun-</strong></span> 
     </span>
     <span class='ocr_line' id='line_1_14' title="bbox 703 2055 2612 2143; baseline -0.001 -23"><span class='ocrx_word' id='word_1_98' title='bbox 703 2055 897 2121; x_wconf 87' lang='lat' dir='ltr'><strong>debat</strong></span> <span class='ocrx_word' id='word_1_99' title='bbox 930 2055 1089 2123; x_wconf 85' lang='lat' dir='ltr'><strong>mihi</strong></span> <span class='ocrx_word' id='word_1_100' title='bbox 1133 2057 1302 2122; x_wconf 90' lang='lat' dir='ltr'><strong>rivos</strong></span> <span class='ocrx_word' id='word_1_101' title='bbox 1338 2057 1480 2123; x_wconf 90' lang='lat' dir='ltr'><strong>olei.</strong></span> <span class='ocrx_word' id='word_1_102' title='bbox 1572 2058 1847 2134; x_wconf 87' lang='lat' dir='ltr'><strong>Quando</strong></span> <span class='ocrx_word' id='word_1_103' title='bbox 1886 2058 2302 2143; x_wconf 85' lang='lat' dir='ltr'><strong>procedebam</strong></span> <span class='ocrx_word' id='word_1_104' title='bbox 2344 2055 2424 2120; x_wconf 87' lang='lat' dir='ltr'><strong>ad</strong></span> <span class='ocrx_word' id='word_1_105' title='bbox 2466 2078 2612 2142; x_wconf 88' lang='lat' dir='ltr'><strong>por-</strong></span> 
     </span>
     <span class='ocr_line' id='line_1_15' title="bbox 704 2158 2611 2249; baseline -0.002 -26"><span class='ocrx_word' id='word_1_106' title='bbox 704 2171 834 2223; x_wconf 88' lang='lat' dir='ltr'><strong>tam</strong></span> <span class='ocrx_word' id='word_1_107' title='bbox 865 2158 1165 2236; x_wconf 88' lang='lat' dir='ltr'><strong>civitatis,</strong></span> <span class='ocrx_word' id='word_1_108' title='bbox 1200 2173 1266 2225; x_wconf 89' lang='lat' dir='ltr'><strong>et</strong></span> <span class='ocrx_word' id='word_1_109' title='bbox 1310 2160 1376 2224; x_wconf 90' lang='lat' dir='ltr'><strong>in</strong></span> <span class='ocrx_word' id='word_1_110' title='bbox 1416 2160 1628 2247; x_wconf 90' lang='lat' dir='ltr'><strong>platea</strong></span> <span class='ocrx_word' id='word_1_111' title='bbox 1664 2161 2032 2227; x_wconf 86' lang='lat' dir='ltr'><strong>cathedram</strong></span> <span class='ocrx_word' id='word_1_112' title='bbox 2076 2161 2387 2249; x_wconf 86' lang='lat' dir='ltr'><strong>parabant</strong></span> <span class='ocrx_word' id='word_1_113' title='bbox 2431 2158 2611 2223; x_wconf 88' lang='lat' dir='ltr'><strong>mihi.</strong></span> 
     </span>
     <span class='ocr_line' id='line_1_16' title="bbox 708 2260 2613 2348; baseline 0.001 -24"><span class='ocrx_word' id='word_1_114' title='bbox 708 2260 1033 2327; x_wconf 82' lang='lat' dir='ltr'><strong>Videbant</strong></span> <span class='ocrx_word' id='word_1_115' title='bbox 1065 2284 1164 2326; x_wconf 93' lang='lat' dir='ltr'><strong>me</strong></span> <span class='ocrx_word' id='word_1_116' title='bbox 1193 2263 1467 2348; x_wconf 89' lang='lat' dir='ltr'><strong>juvenes</strong></span> <span class='ocrx_word' id='word_1_117' title='bbox 1504 2277 1570 2329; x_wconf 89' lang='lat' dir='ltr'><strong>et</strong></span> <span class='ocrx_word' id='word_1_118' title='bbox 1609 2265 2179 2341; x_wconf 83' lang='lat' dir='ltr'><strong>abscondebantur,</strong></span> <span class='ocrx_word' id='word_1_119' title='bbox 2208 2276 2274 2328; x_wconf 90' lang='lat' dir='ltr'><strong>et</strong></span> <span class='ocrx_word' id='word_1_120' title='bbox 2311 2285 2488 2328; x_wconf 87' lang='lat' dir='ltr'><strong>senes</strong></span> <span class='ocrx_word' id='word_1_121' title='bbox 2517 2284 2613 2327; x_wconf 88' lang='lat' dir='ltr'><strong>as-</strong></span> 
     </span>
     <span class='ocr_line' id='line_1_17' title="bbox 709 2362 2613 2453; baseline -0.001 -25"><span class='ocrx_word' id='word_1_122' title='bbox 709 2374 1042 2448; x_wconf 84' lang='lat' dir='ltr'><strong>surgentes</strong></span> <span class='ocrx_word' id='word_1_123' title='bbox 1072 2365 1346 2431; x_wconf 87' lang='lat' dir='ltr'><strong>stabant.</strong></span> <span class='ocrx_word' id='word_1_124' title='bbox 1423 2364 1751 2453; x_wconf 85' lang='lat' dir='ltr'><strong>Principes</strong></span> <span class='ocrx_word' id='word_1_125' title='bbox 1780 2367 2108 2431; x_wconf 87' lang='lat' dir='ltr'><strong>cessabant</strong></span> <span class='ocrx_word' id='word_1_126' title='bbox 2139 2362 2338 2450; x_wconf 90' lang='lat' dir='ltr'><strong>loqui,</strong></span> <span class='ocrx_word' id='word_1_127' title='bbox 2368 2377 2434 2428; x_wconf 91' lang='lat' dir='ltr'><strong>et</strong></span> <span class='ocrx_word' id='word_1_128' title='bbox 2464 2385 2613 2449; x_wconf 91' lang='lat' dir='ltr'><strong>sup-</strong></span> 
     </span>
     <span class='ocr_line' id='line_1_18' title="bbox 707 2464 2611 2549; baseline -0.001 -21"><span class='ocrx_word' id='word_1_129' title='bbox 707 2464 1030 2549; x_wconf 88' lang='lat' dir='ltr'><strong>ponebant</strong></span> <span class='ocrx_word' id='word_1_130' title='bbox 1059 2464 1333 2549; x_wconf 86' lang='lat' dir='ltr'><strong>digitum</strong></span> <span class='ocrx_word' id='word_1_131' title='bbox 1375 2466 1471 2530; x_wconf 90' lang='lat' dir='ltr'><strong>ori</strong></span> <span class='ocrx_word' id='word_1_132' title='bbox 1506 2489 1643 2531; x_wconf 90' lang='lat' dir='ltr'><strong>suo.</strong></span> <span class='ocrx_word' id='word_1_133' title='bbox 1734 2468 1966 2530; x_wconf 91' lang='lat' dir='ltr'><strong>Vocem</strong></span> <span class='ocrx_word' id='word_1_134' title='bbox 2011 2488 2186 2530; x_wconf 89' lang='lat' dir='ltr'><strong>suam</strong></span> <span class='ocrx_word' id='word_1_135' title='bbox 2228 2465 2611 2529; x_wconf 89' lang='lat' dir='ltr'><strong>cohibebant</strong></span> 
     </span>
     <span class='ocr_line' id='line_1_19' title="bbox 709 2563 2611 2653; baseline 0 -26"><span class='ocrx_word' id='word_1_136' title='bbox 709 2563 920 2640; x_wconf 87' lang='lat' dir='ltr'><strong>duces,</strong></span> <span class='ocrx_word' id='word_1_137' title='bbox 948 2578 1014 2630; x_wconf 89' lang='lat' dir='ltr'><strong>et</strong></span> <span class='ocrx_word' id='word_1_138' title='bbox 1044 2567 1267 2652; x_wconf 89' lang='lat' dir='ltr'><strong>lingua</strong></span> <span class='ocrx_word' id='word_1_139' title='bbox 1305 2590 1524 2632; x_wconf 91' lang='lat' dir='ltr'><strong>eorum</strong></span> <span class='ocrx_word' id='word_1_140' title='bbox 1571 2567 1826 2653; x_wconf 88' lang='lat' dir='ltr'><strong>gutturi</strong></span> <span class='ocrx_word' id='word_1_141' title='bbox 1857 2589 1973 2631; x_wconf 91' lang='lat' dir='ltr'><strong>suo</strong></span> <span class='ocrx_word' id='word_1_142' title='bbox 2000 2564 2389 2630; x_wconf 81' lang='lat' dir='ltr'><strong>adhaerebat.</strong></span> <span class='ocrx_word' id='word_1_143' title='bbox 2479 2569 2611 2628; x_wconf 86' lang='lat' dir='ltr'><strong>Au-</strong></span> 
     </span>
     <span class='ocr_line' id='line_1_20' title="bbox 706 2661 2612 2742; baseline 0 -16"><span class='ocrx_word' id='word_1_144' title='bbox 706 2663 795 2727; x_wconf 89' lang='lat' dir='ltr'><strong>ris</strong></span> <span class='ocrx_word' id='word_1_145' title='bbox 822 2665 1085 2731; x_wconf 86' lang='lat' dir='ltr'><strong>audiens</strong></span> <span class='ocrx_word' id='word_1_146' title='bbox 1113 2667 1521 2732; x_wconf 85' lang='lat' dir='ltr'><strong>beatificabat</strong></span> <span class='ocrx_word' id='word_1_147' title='bbox 1550 2687 1673 2742; x_wconf 87' lang='lat' dir='ltr'><strong>me,</strong></span> <span class='ocrx_word' id='word_1_148' title='bbox 1704 2677 1769 2729; x_wconf 89' lang='lat' dir='ltr'><strong>et</strong></span> <span class='ocrx_word' id='word_1_149' title='bbox 1797 2664 2019 2728; x_wconf 89' lang='lat' dir='ltr'><strong>oculus</strong></span> <span class='ocrx_word' id='word_1_150' title='bbox 2058 2663 2301 2741; x_wconf 76' lang='lat' dir='ltr'><strong>videnS,</strong></span> <span class='ocrx_word' id='word_1_151' title='bbox 2330 2661 2612 2726; x_wconf 90' lang='lat' dir='ltr'><strong>testimo-</strong></span> 
     </span>
     <span class='ocr_line' id='line_1_21' title="bbox 706 2765 2611 2851; baseline -0.002 -22"><span class='ocrx_word' id='word_1_152' title='bbox 706 2767 887 2830; x_wconf 90' lang='lat' dir='ltr'><strong>nium</strong></span> <span class='ocrx_word' id='word_1_153' title='bbox 931 2766 1241 2830; x_wconf 90' lang='lat' dir='ltr'><strong>reddebat</strong></span> <span class='ocrx_word' id='word_1_154' title='bbox 1285 2766 1464 2842; x_wconf 90' lang='lat' dir='ltr'><strong>mihi,</strong></span> <span class='ocrx_word' id='word_1_155' title='bbox 1509 2788 1585 2828; x_wconf 93' lang='lat' dir='ltr'><strong>eo</strong></span> <span class='ocrx_word' id='word_1_156' title='bbox 1627 2768 1804 2851; x_wconf 91' lang='lat' dir='ltr'><strong>quod</strong></span> <span class='ocrx_word' id='word_1_157' title='bbox 1857 2765 2216 2829; x_wconf 86' lang='lat' dir='ltr'><strong>liberassem</strong></span> <span class='ocrx_word' id='word_1_158' title='bbox 2267 2784 2611 2848; x_wconf 88' lang='lat' dir='ltr'><strong>pauperem</strong></span> 
     </span>
     <span class='ocr_line' id='line_1_22' title="bbox 710 2863 2613 2953; baseline -0.001 -24"><span class='ocrx_word' id='word_1_159' title='bbox 710 2867 1187 2941; x_wconf 87' lang='lat' dir='ltr'><strong>vociferantem,</strong></span> <span class='ocrx_word' id='word_1_160' title='bbox 1218 2880 1283 2930; x_wconf 93' lang='lat' dir='ltr'><strong>et</strong></span> <span class='ocrx_word' id='word_1_161' title='bbox 1322 2866 1643 2953; x_wconf 89' lang='lat' dir='ltr'><strong>pupillum</strong></span> <span class='ocrx_word' id='word_1_162' title='bbox 1676 2868 1783 2931; x_wconf 91' lang='lat' dir='ltr'><strong>cui</strong></span> <span class='ocrx_word' id='word_1_163' title='bbox 1811 2890 1937 2931; x_wconf 89' lang='lat' dir='ltr'><strong>non</strong></span> <span class='ocrx_word' id='word_1_164' title='bbox 1968 2878 2105 2930; x_wconf 89' lang='lat' dir='ltr'><strong>erat</strong></span> <span class='ocrx_word' id='word_1_165' title='bbox 2134 2864 2412 2949; x_wconf 88' lang='lat' dir='ltr'><strong>adjutor.</strong></span> <span class='ocrx_word' id='word_1_166' title='bbox 2489 2863 2613 2927; x_wconf 91' lang='lat' dir='ltr'><strong>Be-</strong></span> 
     </span>
     <span class='ocr_line' id='line_1_23' title="bbox 708 2963 2614 3053; baseline -0.003 -22"><span class='ocrx_word' id='word_1_167' title='bbox 708 2967 990 3031; x_wconf 89' lang='lat' dir='ltr'><strong>nedictio</strong></span> <span class='ocrx_word' id='word_1_168' title='bbox 1037 2966 1305 3051; x_wconf 85' lang='lat' dir='ltr'><strong>perituri</strong></span> <span class='ocrx_word' id='word_1_169' title='bbox 1359 2989 1551 3053; x_wconf 90' lang='lat' dir='ltr'><strong>super</strong></span> <span class='ocrx_word' id='word_1_170' title='bbox 1602 2989 1704 3031; x_wconf 92' lang='lat' dir='ltr'><strong>me</strong></span> <span class='ocrx_word' id='word_1_171' title='bbox 1755 2966 2071 3043; x_wconf 89' lang='lat' dir='ltr'><strong>veniebat,</strong></span> <span class='ocrx_word' id='word_1_172' title='bbox 2125 2978 2190 3030; x_wconf 89' lang='lat' dir='ltr'><strong>et</strong></span> <span class='ocrx_word' id='word_1_173' title='bbox 2240 2986 2349 3027; x_wconf 91' lang='lat' dir='ltr'><strong>cor</strong></span> <span class='ocrx_word' id='word_1_174' title='bbox 2400 2963 2614 3026; x_wconf 85' lang='lat' dir='ltr'><strong>viduoe</strong></span> 
     </span>
     <span class='ocr_line' id='line_1_24' title="bbox 705 3064 2617 3147; baseline -0.004 -14"><span class='ocrx_word' id='word_1_175' title='bbox 705 3065 1073 3133; x_wconf 90' lang='lat' dir='ltr'><strong>consolatus</strong></span> <span class='ocrx_word' id='word_1_176' title='bbox 1118 3090 1278 3132; x_wconf 91' lang='lat' dir='ltr'><strong>sum.</strong></span> <span class='ocrx_word' id='word_1_177' title='bbox 1353 3070 1402 3132; x_wconf 87' lang='lat' dir='ltr'><strong>J</strong></span> <span class='ocrx_word' id='word_1_178' title='bbox 1406 3068 1627 3133; x_wconf 89' lang='lat' dir='ltr'><strong>ustitia</strong></span> <span class='ocrx_word' id='word_1_179' title='bbox 1665 3068 1934 3134; x_wconf 88' lang='lat' dir='ltr'><strong>indutus</strong></span> <span class='ocrx_word' id='word_1_180' title='bbox 1974 3090 2137 3147; x_wconf 91' lang='lat' dir='ltr'><strong>sum,</strong></span> <span class='ocrx_word' id='word_1_181' title='bbox 2165 3079 2230 3131; x_wconf 88' lang='lat' dir='ltr'><strong>et</strong></span> <span class='ocrx_word' id='word_1_182' title='bbox 2261 3064 2486 3129; x_wconf 90' lang='lat' dir='ltr'><strong>vestivi</strong></span> <span class='ocrx_word' id='word_1_183' title='bbox 2516 3086 2617 3127; x_wconf 91' lang='lat' dir='ltr'><strong>me</strong></span> 
     </span>
     <span class='ocr_line' id='line_1_25' title="bbox 709 3166 2620 3256; baseline -0.003 -21"><span class='ocrx_word' id='word_1_184' title='bbox 709 3170 878 3235; x_wconf 88' lang='lat' dir='ltr'><strong>sicut</strong></span> <span class='ocrx_word' id='word_1_185' title='bbox 910 3169 1306 3251; x_wconf 90' lang='lat' dir='ltr'><strong>vestiment0‚</strong></span> <span class='ocrx_word' id='word_1_186' title='bbox 1336 3183 1400 3235; x_wconf 92' lang='lat' dir='ltr'><strong>et</strong></span> <span class='ocrx_word' id='word_1_187' title='bbox 1440 3171 1800 3236; x_wconf 89' lang='lat' dir='ltr'><strong>diademate</strong></span> <span class='ocrx_word' id='word_1_188' title='bbox 1834 3170 2083 3256; x_wconf 90' lang='lat' dir='ltr'><strong>judicio</strong></span> <span class='ocrx_word' id='word_1_189' title='bbox 2125 3191 2286 3233; x_wconf 91' lang='lat' dir='ltr'><strong>meo.</strong></span> <span class='ocrx_word' id='word_1_190' title='bbox 2375 3166 2620 3231; x_wconf 91' lang='lat' dir='ltr'><strong>Oculus</strong></span> 
     </span>
     <span class='ocr_line' id='line_1_26' title="bbox 710 3271 2619 3359; baseline -0.002 -23"><span class='ocrx_word' id='word_1_191' title='bbox 710 3271 810 3336; x_wconf 87' lang='lat' dir='ltr'><strong>fui</strong></span> <span class='ocrx_word' id='word_1_192' title='bbox 854 3294 1043 3347; x_wconf 83' lang='lat' dir='ltr'><strong>caeco,</strong></span> <span class='ocrx_word' id='word_1_193' title='bbox 1087 3285 1152 3338; x_wconf 91' lang='lat' dir='ltr'><strong>et</strong></span> <span class='ocrx_word' id='word_1_194' title='bbox 1195 3295 1308 3359; x_wconf 89' lang='lat' dir='ltr'><strong>pes</strong></span> <span class='ocrx_word' id='word_1_195' title='bbox 1347 3272 1595 3339; x_wconf 77' lang='lat' dir='ltr'><strong>claudo,</strong></span> <span class='ocrx_word' id='word_1_196' title='bbox 1689 3275 1882 3338; x_wconf 88' lang='lat' dir='ltr'><strong>Pater</strong></span> <span class='ocrx_word' id='word_1_197' title='bbox 1923 3293 2094 3336; x_wconf 90' lang='lat' dir='ltr'><strong>eram</strong></span> <span class='ocrx_word' id='word_1_198' title='bbox 2141 3290 2519 3357; x_wconf 87' lang='lat' dir='ltr'><strong>pauperum,</strong></span> <span class='ocrx_word' id='word_1_199' title='bbox 2554 3280 2619 3332; x_wconf 89' lang='lat' dir='ltr'><strong>et</strong></span> 
     </span>
     <span class='ocr_line' id='line_1_27' title="bbox 712 3370 2617 3461; baseline -0.002 -23"><span class='ocrx_word' id='word_1_200' title='bbox 712 3396 964 3439; x_wconf 89' lang='lat' dir='ltr'><strong>causam</strong></span> <span class='ocrx_word' id='word_1_201' title='bbox 995 3397 1187 3460; x_wconf 91' lang='lat' dir='ltr'><strong>quam</strong></span> <span class='ocrx_word' id='word_1_202' title='bbox 1218 3375 1596 3452; x_wconf 89' lang='lat' dir='ltr'><strong>nesciebam,</strong></span> <span class='ocrx_word' id='word_1_203' title='bbox 1628 3374 2107 3461; x_wconf 87' lang='lat' dir='ltr'><strong>diligentissime</strong></span> <span class='ocrx_word' id='word_1_204' title='bbox 2136 3370 2617 3455; x_wconf 88' lang='lat' dir='ltr'><strong>investigabam.</strong></span> 
     </span>
     <span class='ocr_line' id='line_1_28' title="bbox 715 3472 2620 3564; baseline -0.004 -21"><span class='ocrx_word' id='word_1_205' title='bbox 715 3477 1138 3543; x_wconf 89' lang='lat' dir='ltr'><strong>Conterebam</strong></span> <span class='ocrx_word' id='word_1_206' title='bbox 1203 3477 1470 3543; x_wconf 88' lang='lat' dir='ltr'><strong>molares</strong></span> <span class='ocrx_word' id='word_1_207' title='bbox 1528 3478 1760 3564; x_wconf 89' lang='lat' dir='ltr'><strong>iniqui,</strong></span> <span class='ocrx_word' id='word_1_208' title='bbox 1821 3490 1884 3542; x_wconf 87' lang='lat' dir='ltr'><strong>et</strong></span> <span class='ocrx_word' id='word_1_209' title='bbox 1945 3479 2024 3541; x_wconf 91' lang='lat' dir='ltr'><strong>de</strong></span> <span class='ocrx_word' id='word_1_210' title='bbox 2081 3474 2388 3541; x_wconf 87' lang='lat' dir='ltr'><strong>dentibus</strong></span> <span class='ocrx_word' id='word_1_211' title='bbox 2447 3472 2620 3537; x_wconf 88' lang='lat' dir='ltr'><strong>illius</strong></span> 
     </span>
     <span class='ocr_line' id='line_1_29' title="bbox 713 3575 2622 3666; baseline -0.002 -23"><span class='ocrx_word' id='word_1_212' title='bbox 713 3577 1079 3644; x_wconf 88' lang='lat' dir='ltr'><strong>auferebam</strong></span> <span class='ocrx_word' id='word_1_213' title='bbox 1131 3580 1439 3666; x_wconf 86' lang='lat' dir='ltr'><strong>praedam.</strong></span> <span class='ocrx_word' id='word_1_214' title='bbox 1531 3581 2007 3664; x_wconf 73' lang='lat' dir='ltr'><strong>Dicebamquex</strong></span> <span class='ocrx_word' id='word_1_215' title='bbox 2087 3580 2165 3642; x_wconf 90' lang='lat' dir='ltr'><strong>In</strong></span> <span class='ocrx_word' id='word_1_216' title='bbox 2211 3575 2435 3641; x_wconf 87' lang='lat' dir='ltr'><strong>nidulo</strong></span> <span class='ocrx_word' id='word_1_217' title='bbox 2478 3595 2622 3640; x_wconf 87' lang='lat' dir='ltr'><strong>mco</strong></span> 
     </span>
     <span class='ocr_line' id='line_1_30' title="bbox 714 3679 2621 3769; baseline -0.001 -25"><span class='ocrx_word' id='word_1_218' title='bbox 714 3681 971 3758; x_wconf 89' lang='lat' dir='ltr'><strong>moriar,</strong></span> <span class='ocrx_word' id='word_1_219' title='bbox 1003 3693 1068 3746; x_wconf 91' lang='lat' dir='ltr'><strong>et</strong></span> <span class='ocrx_word' id='word_1_220' title='bbox 1098 3683 1263 3747; x_wconf 88' lang='lat' dir='ltr'><strong>sicut</strong></span> <span class='ocrx_word' id='word_1_221' title='bbox 1291 3684 1505 3769; x_wconf 89' lang='lat' dir='ltr'><strong>palma</strong></span> <span class='ocrx_word' id='word_1_222' title='bbox 1532 3683 1972 3769; x_wconf 88' lang='lat' dir='ltr'><strong>multiplicabo</strong></span> <span class='ocrx_word' id='word_1_223' title='bbox 2000 3680 2155 3746; x_wconf 85' lang='lat' dir='ltr'><strong>dies.</strong></span> <span class='ocrx_word' id='word_1_224' title='bbox 2232 3679 2450 3744; x_wconf 87' lang='lat' dir='ltr'><strong>Radix</strong></span> <span class='ocrx_word' id='word_1_225' title='bbox 2480 3701 2621 3744; x_wconf 90' lang='lat' dir='ltr'><strong>mea</strong></span> 
     </span>
     <span class='ocr_line' id='line_1_31' title="bbox 713 3779 2622 3870; baseline -0.001 -25"><span class='ocrx_word' id='word_1_226' title='bbox 713 3793 936 3866; x_wconf 88' lang='lat' dir='ltr'><strong>aperta</strong></span> <span class='ocrx_word' id='word_1_227' title='bbox 977 3794 1072 3846; x_wconf 91' lang='lat' dir='ltr'><strong>est</strong></span> <span class='ocrx_word' id='word_1_228' title='bbox 1117 3804 1298 3848; x_wconf 87' lang='lat' dir='ltr'><strong>secus</strong></span> <span class='ocrx_word' id='word_1_229' title='bbox 1344 3806 1562 3870; x_wconf 77' lang='lat' dir='ltr'><strong>aquaS,</strong></span> <span class='ocrx_word' id='word_1_230' title='bbox 1591 3797 1654 3849; x_wconf 92' lang='lat' dir='ltr'><strong>et</strong></span> <span class='ocrx_word' id='word_1_231' title='bbox 1698 3807 1801 3849; x_wconf 90' lang='lat' dir='ltr'><strong>ros</strong></span> <span class='ocrx_word' id='word_1_232' title='bbox 1841 3782 2193 3849; x_wconf 88' lang='lat' dir='ltr'><strong>morabitur</strong></span> <span class='ocrx_word' id='word_1_233' title='bbox 2221 3781 2287 3845; x_wconf 88' lang='lat' dir='ltr'><strong>in</strong></span> <span class='ocrx_word' id='word_1_234' title='bbox 2318 3779 2622 3847; x_wconf 89' lang='lat' dir='ltr'><strong>messione</strong></span> 
     </span>
     <span class='ocr_line' id='line_1_32' title="bbox 713 3883 2621 3972; baseline 0.001 -26"><span class='ocrx_word' id='word_1_235' title='bbox 713 3904 872 3948; x_wconf 89' lang='lat' dir='ltr'><strong>mea.</strong></span> <span class='ocrx_word' id='word_1_236' title='bbox 963 3883 1186 3948; x_wconf 85' lang='lat' dir='ltr'><strong>Gloria</strong></span> <span class='ocrx_word' id='word_1_237' title='bbox 1225 3908 1365 3949; x_wconf 90' lang='lat' dir='ltr'><strong>mea</strong></span> <span class='ocrx_word' id='word_1_238' title='bbox 1395 3908 1642 3972; x_wconf 86' lang='lat' dir='ltr'><strong>semper</strong></span> <span class='ocrx_word' id='word_1_239' title='bbox 1670 3885 2100 3960; x_wconf 87' lang='lat' dir='ltr'><strong>innovabitur,</strong></span> <span class='ocrx_word' id='word_1_240' title='bbox 2132 3897 2197 3949; x_wconf 90' lang='lat' dir='ltr'><strong>et</strong></span> <span class='ocrx_word' id='word_1_241' title='bbox 2226 3907 2412 3948; x_wconf 89' lang='lat' dir='ltr'><strong>arcus</strong></span> <span class='ocrx_word' id='word_1_242' title='bbox 2440 3903 2621 3947; x_wconf 83' lang='lat' dir='ltr'><strong>meus</strong></span> 
     </span>
     <span class='ocr_line' id='line_1_33' title="bbox 716 3983 2624 4066; baseline 0 -20"><span class='ocrx_word' id='word_1_243' title='bbox 716 3983 781 4046; x_wconf 90' lang='lat' dir='ltr'><strong>in</strong></span> <span class='ocrx_word' id='word_1_244' title='bbox 810 4007 1004 4049; x_wconf 89' lang='lat' dir='ltr'><strong>manu</strong></span> <span class='ocrx_word' id='word_1_245' title='bbox 1035 4008 1177 4052; x_wconf 87' lang='lat' dir='ltr'><strong>mea</strong></span> <span class='ocrx_word' id='word_1_246' title='bbox 1214 3986 1699 4054; x_wconf 89' lang='lat' dir='ltr'><strong>instaurabitur.</strong></span> <span class='ocrx_word' id='word_1_247' title='bbox 1792 3988 1919 4066; x_wconf 82' lang='lat' dir='ltr'><strong>Qui</strong></span> <span class='ocrx_word' id='word_1_248' title='bbox 1954 4010 2053 4052; x_wconf 92' lang='lat' dir='ltr'><strong>me</strong></span> <span class='ocrx_word' id='word_1_249' title='bbox 2082 3987 2455 4061; x_wconf 87' lang='lat' dir='ltr'><strong>audiebant,</strong></span> <span class='ocrx_word' id='word_1_250' title='bbox 2484 4004 2624 4047; x_wconf 87' lang='lat' dir='ltr'><strong>sen-</strong></span> 
     </span>
     <span class='ocr_line' id='line_1_34' title="bbox 718 4080 2625 4174; baseline -0.002 -26"><span class='ocrx_word' id='word_1_251' title='bbox 718 4085 979 4151; x_wconf 89' lang='lat' dir='ltr'><strong>tentiam</strong></span> <span class='ocrx_word' id='word_1_252' title='bbox 1009 4088 1456 4174; x_wconf 84' lang='lat' dir='ltr'><strong>expectabant,</strong></span> <span class='ocrx_word' id='word_1_253' title='bbox 1488 4100 1552 4153; x_wconf 90' lang='lat' dir='ltr'><strong>et</strong></span> <span class='ocrx_word' id='word_1_254' title='bbox 1581 4088 1807 4154; x_wconf 91' lang='lat' dir='ltr'><strong>intenti</strong></span> <span class='ocrx_word' id='word_1_255' title='bbox 1843 4089 2136 4154; x_wconf 87' lang='lat' dir='ltr'><strong>tacebant</strong></span> <span class='ocrx_word' id='word_1_256' title='bbox 2166 4085 2248 4149; x_wconf 89' lang='lat' dir='ltr'><strong>ad</strong></span> <span class='ocrx_word' id='word_1_257' title='bbox 2291 4080 2625 4148; x_wconf 87' lang='lat' dir='ltr'><strong>consilium</strong></span> 
     </span>
     <span class='ocr_line' id='line_1_35' title="bbox 719 4189 2629 4266; baseline -0.002 -17"><span class='ocrx_word' id='word_1_258' title='bbox 719 4208 950 4253; x_wconf 90' lang='lat' dir='ltr'><strong>meum.</strong></span> <span class='ocrx_word' id='word_1_259' title='bbox 1044 4189 1266 4253; x_wconf 86' lang='lat' dir='ltr'><strong>Verbis</strong></span> <span class='ocrx_word' id='word_1_260' title='bbox 1295 4190 1454 4254; x_wconf 90' lang='lat' dir='ltr'><strong>meis</strong></span> <span class='ocrx_word' id='word_1_261' title='bbox 1497 4191 1732 4255; x_wconf 89' lang='lat' dir='ltr'><strong>addere</strong></span> <span class='ocrx_word' id='word_1_262' title='bbox 1761 4190 1920 4256; x_wconf 89' lang='lat' dir='ltr'><strong>nihil</strong></span> <span class='ocrx_word' id='word_1_263' title='bbox 1960 4189 2300 4262; x_wconf 75' lang='lat' dir='ltr'><strong>audebant,</strong></span> <span class='ocrx_word' id='word_1_264' title='bbox 2336 4198 2400 4246; x_wconf 74' lang='lat' dir='ltr'><strong>et</strong></span> <span class='ocrx_word' id='word_1_265' title='bbox 2432 4202 2629 4266; x_wconf 70' lang='lat' dir='ltr'><strong>super</strong></span> 
     </span>
     <span class='ocr_line' id='line_1_36' title="bbox 719 4282 2581 4378; baseline 0.001 -27"><span class='ocrx_word' id='word_1_266' title='bbox 719 4287 861 4353; x_wconf 90' lang='lat' dir='ltr'><strong>illos</strong></span> <span class='ocrx_word' id='word_1_267' title='bbox 892 4288 1170 4356; x_wconf 87' lang='lat' dir='ltr'><strong>stillabat</strong></span> <span class='ocrx_word' id='word_1_268' title='bbox 1199 4291 1523 4376; x_wconf 90' lang='lat' dir='ltr'><strong>eloquium</strong></span> <span class='ocrx_word' id='word_1_269' title='bbox 1547 4313 1780 4356; x_wconf 88' lang='lat' dir='ltr'><strong>meum.</strong></span> <span class='ocrx_word' id='word_1_270' title='bbox 1858 4290 2304 4376; x_wconf 76' lang='lat' dir='ltr'><strong>Expectabant</strong></span> <span class='ocrx_word' id='word_1_271' title='bbox 2336 4306 2432 4350; x_wconf 74' lang='lat' dir='ltr'><strong>me</strong></span> <span class='ocrx_word' id='word_1_272' title='bbox 2464 4282 2581 4378; x_wconf 47' lang='grc' dir='ltr'><strong>εἰς</strong></span> 
     </span>
    </p>
   </div>
   <div class='ocr_carea' id='block_1_3' title="bbox 2544 4290 3018 4838">
    <p class='ocr_par' dir='ltr' id='par_1_3' title="bbox 2544 4290 3018 4838">
     <span class='ocr_line' id='line_1_37' title="bbox 2544 4290 3018 4838; baseline 0 -492"><span class='ocrx_word' id='word_1_273' title='bbox 2544 4290 3018 4838; x_wconf 95' lang='lat' dir='ltr'><strong>   </strong></span> 
     </span>
    </p>
   </div>
  </div>
 </body>
</html>
