3309 5309
244 680 316 725 car.
332 666 463 746 xmp]
627 686 884 733 ronrcnarrcns.
1147 676 1205 738 151

244 848 381 897 mortem
408 836 581 900 terminum
611 860 675 901 non
702 860 770 901 esse
799 837 966 913 malorum,
994 837 1049 901 sed
1078 853 1202 905 antece-

241 931 389 998 dentium
413 949 446 1001 et
469 935 708 1002 succedentium
731 937 890 1024 copulam.
935 937 991 1002 Ad
1014 939 1095 1004 hanc
1115 941 1202 1026 fugi·

243 1033 358 1097 endam
382 1058 446 1099 non
467 1036 597 1102 oracula
616 1049 737 1114 vatum,
754 1059 815 1100 non
840 1038 997 1123 Pythonis
1012 1042 1202 1109 consultatio

242 1138 418 1202 necessaria
439 1152 506 1203 est:
537 1138 663 1204 fidelius
684 1152 717 1202 et
740 1138 852 1214 utilius
873 1140 914 1203 ad
938 1141 998 1204 hoc
1021 1143 1102 1207 ratio
1124 1144 1202 1210 data

242 1236 390 1303 consulit.
425 1242 508 1305 Cato
520 1244 552 1304 in
567 1238 673 1325 Libya
683 1254 835 1303 extremae
846 1239 1042 1307 difficultatis
1052 1247 1202 1330 angustia

243 1350 437 1420 coarctatus,
460 1342 651 1404 Ammonem
683 1340 799 1402 Jovem
829 1339 1021 1425 dedignatus
1049 1357 1096 1408 est
1128 1369 1203 1410 con·

243 1436 384 1513 sultare;
407 1454 498 1505 ratus
520 1441 580 1505 sibi
602 1439 754 1505 rationem
776 1439 918 1503 sufficere
940 1454 974 1505 ut
996 1445 1201 1527 persuaderet

243 1540 432 1605 servandam
448 1541 639 1615 libertatem,
656 1554 688 1605 et
704 1563 766 1605 non
782 1542 878 1605 modo
893 1541 1116 1610 dominationis
1132 1549 1202 1614 Cae·

245 1663 346 1707 sareae
363 1644 495 1728 jugum,
517 1643 573 1709 sed
595 1666 721 1708 ornnem
744 1655 853 1708 notum
878 1643 1089 1729 turpitudinis
1114 1648 1198 1733 fugi-

242 1743 369 1810 endam.
403 1746 493 1812 Licet
508 1746 540 1809 in
556 1770 594 1809 eo
609 1744 761 1810 erraverit
774 1744 860 1830 qnod
873 1746 1061 1810 anctoritate
1072 1748 1202 1835 propria

243 1846 319 1910 vitae
333 1869 451 1912 munus
465 1846 599 1933 abjecit:
638 1847 726 1934 quod
747 1869 810 1909 non
832 1846 927 1909 modo
948 1846 1089 1912 fidelium
1111 1850 1201 1915 insti·

243 1947 342 2022 tutis;
368 1948 424 2013 sed
436 1948 718 2015 constitutionibus
732 1947 890 2032 gentium,
906 1959 938 2011 et
953 1948 1200 2033 sapientissimo-

246 2072 318 2113 rum
332 2047 447 2113 edictis
461 2063 585 2115 constat
600 2073 667 2113 esse
682 2048 893 2135 prohibitum.
931 2049 1054 2114 Veteris
1068 2050 1200 2136 quidem

243 2149 457 2235 philosophiae
481 2151 640 2238 principes
668 2149 869 2235 Pythagoras
895 2161 927 2215 et
953 2149 1099 2217 Plotinus
1123 2174 1199 2240 pro·

245 2250 409 2317 bibitionis
420 2252 519 2338 hujus
528 2275 590 2316 non
603 2266 668 2317 tam
678 2263 826 2316 auctores
836 2264 910 2316 sunt
919 2274 1016 2338 quam
1027 2276 1199 2340 praecones,

245 2351 373 2415 omnino
402 2350 551 2416 illicitum
582 2374 650 2416 esse
679 2350 832 2433 dicentes,
860 2352 1042 2438 quempiam
1073 2355 1198 2420 militioe

247 2453 433 2518 servientem
449 2477 469 2517 a
488 2452 637 2541 praesidio
653 2467 686 2518 et
708 2454 874 2518 commissa
896 2456 956 2520 sibi
978 2456 1113 2521 statione
1133 2457 1198 2522 dis·

246 2555 368 2633 cedere,
393 2556 474 2621 citra
499 2556 591 2621 ducis
616 2556 665 2620 vel
694 2556 848 2643 principis
872 2555 1056 2640 jussionem.
1101 2558 1199 2622 Plane

245 2656 383 2743 eleganti
404 2658 552 2744 exemplo
575 2658 621 2723 usi
644 2671 731 2734 snut,
754 2681 792 2721 eo
815 2657 904 2742 quod
927 2656 1040 2720 militia
1061 2670 1109 2721 est
1133 2658 1199 2723 vita

245 2758 380 2823 hominis
391 2782 488 2846 super
499 2773 627 2827 terram.
661 2758 749 2835 Quid
763 2757 788 2823 si
800 2771 911 2822 contra
922 2756 1058 2843 jubeant
1070 2759 1199 2824 oracula

246 2874 369 2939 ratum,
384 2860 435 2924 rel
449 2884 601 2947 responsa
617 2858 797 2946 Pythonis?
820 2859 940 2924 Procul
957 2858 1055 2922 dubio
1070 2858 1198 2923 minime

246 2964 397 3028 audiendi
421 2977 509 3042 sunt,
530 2966 607 3051 qnia
626 2987 699 3028 cnm
721 2962 863 3050 periculo
886 2960 1085 3038 innocentiae,
1106 2984 1199 3026 nemo

244 3064 394 3151 cuiquam
414 3066 510 3131 debet
530 3066 638 3130 fidem.
686 3066 719 3129 Si
742 3064 819 3128 mihi
840 3086 903 3127 non
923 3062 1036 3138 credis,
1057 3067 1197 3127 Numam

245 3165 463 3230 Romanorum
480 3167 710 3252 Imperatorem
727 3166 794 3228 fere
809 3162 1100 3227 innocentissimum
1117 3185 1199 3248 prae-

246 3280 293 3330 ter
316 3268 445 3347 Titum,
464 3268 489 3331 si
511 3268 628 3354 placet,
647 3266 790 3332 attende.
834 3269 923 3330 Dum
945 3264 1137 3327 invitaretur
1155 3263 1198 3329 ad

245 3367 465 3445 homicidium,
480 3370 583 3456 petito
597 3368 701 3455 capite
716 3367 757 3431 ad
774 3366 936 3444 sacrificia,
950 3364 1071 3429 censuit
1086 3388 1197 3451 cepam

245 3490 310 3531 esse
328 3467 527 3549 caedendam,
539 3468 706 3533 reflectens
726 3467 768 3531 ad
786 3465 998 3531 innocentiam
1014 3467 1110 3530 etiam
1126 3489 1197 3552 per·

244 3568 325 3633 versi
339 3568 481 3633 numinis
494 3573 700 3635 voluntatem.
724 3569 771 3633 At
785 3590 886 3653 quum
901 3566 1037 3631 hominis
1048 3566 1199 3653 adjicere-

242 3682 294 3735 tur
316 3694 337 3735 a
360 3671 503 3748 numine,
528 3672 662 3758 capillos
687 3694 720 3733 se
744 3668 903 3755 pollicitus
928 3681 974 3732 est
1001 3667 1197 3737 oblaturum.

245 3774 356 3846 Quum
378 3793 456 3835 vero
478 3771 610 3857 spiritus
632 3769 818 3834 immundus
833 3768 935 3835 sitiret
950 3782 982 3834 et
998 3770 1196 3854 sauguinem,

243 3872 361 3958 piscem
371 3871 600 3936 immolandum
611 3893 679 3935 esse
690 3869 866 3956 respoudit.
912 3870 963 3934 Sic
971 3869 1080 3957 itaque
1096 3893 1197 3958 quum

243 3973 324 4038 ratio
343 3974 415 4060 ejus
437 3971 659 4038 circumveniri
682 3994 744 4035 non
765 3983 883 4056 posset,
897 3985 934 4037 ut
955 3972 1136 4037 traheretur
1155 3971 1197 4035 ad

243 4075 382 4160 culpam,
393 4074 633 4139 immundorum
649 4072 820 4159 spirituum
834 4074 1025 4149 testimonio,
1037 4071 1198 4156 colloquio

243 4176 385 4240 Deorum
401 4175 631 4262 pronunciatus
645 4188 694 4239 est
715 4198 781 4239 esse
804 4176 1020 4261 dignissimus.
1066 4170 1136 4235 Nec
1150 4186 1197 4236 est

244 4277 333 4363 quod
348 4278 410 4342 sub
425 4280 672 4343 exorcismorum
689 4288 863 4362 praetextu,
873 4298 965 4341 suum
982 4273 1055 4361 quis
1070 4284 1198 4337 tueatur
