3309 5309
345 676 416 722 car.
435 658 474 738 1.]
697 678 952 725 aonrcasmcus.
1266 673 1307 729 59

347 828 512 904 abortum,
529 838 587 891 aut
602 826 749 893 inutilem
763 826 875 894 faetum
899 830 995 916 parit,
1009 832 1086 918 quia
1101 845 1138 897 ut
1157 831 1309 916 multum,

347 951 433 1015 saepe
450 952 555 1015 quum

459 1037 613 1091 Parturinnt
623 1044 734 1105 montes,
746 1042 862 1112 procedit
873 1042 997 1095 ridiculus
1008 1060 1076 1096 mus.

350 1134 434 1199 Haec
465 1146 541 1199 sunt
575 1133 694 1220 quibus
722 1147 820 1201 totam
852 1134 1048 1223 vigilantiam
1079 1162 1168 1203 suam
1200 1140 1310 1205 videas

349 1236 591 1304 accommodare
606 1260 701 1322 quam
717 1238 882 1324 plurimos.

422 1352 528 1405 Caetera
539 1351 573 1405 de
585 1368 682 1419 genere
695 1352 743 1404 hoo
755 1353 822 1406 adeo
834 1361 895 1408 sunt
906 1354 998 1420 multa,
1009 1354 1145 1425 loquacem

422 1436 464 1488 Ut
474 1434 573 1489 lassare
584 1442 682 1505 queant
694 1438 813 1492 Fabium.

349 1530 469 1616 quibus
485 1554 685 1618 quaecunque
699 1532 816 1599 domus
830 1534 994 1614 institerit,
1009 1556 1077 1598 eam
1098 1556 1155 1599 nec
1177 1535 1217 1600 ab
1241 1534 1311 1620 ipsa

352 1631 458 1696 salute
472 1632 611 1700 arbitror
626 1656 718 1719 posse
733 1633 860 1699 salvari.

611 1993 755 2057 LIBER
777 1989 1036 2055 SECUNDUS.

732 2178 913 2223 Paoaoous.

393 2269 513 2334 OMNIA
526 2268 644 2333 cedunt
659 2268 691 2331 in
707 2292 801 2333 usum
823 2268 987 2354 sapientis,
1003 2267 1191 2355 habentque
1212 2280 1311 2334 mate·

349 2367 430 2431 riam
454 2368 586 2433 virtutis
616 2367 815 2444 exercendae,
842 2390 1046 2453 quascunque
1072 2367 1227 2434 dicuntur
1252 2382 1310 2436 aut

351 2469 445 2534 finnt.
482 2474 565 2535 Nam
582 2482 613 2534 et
630 2469 695 2535 otia
710 2471 781 2556 ejus
796 2470 924 2555 negotia
939 2481 1027 2548 sunt,
1039 2483 1071 2536 et
1087 2471 1165 2535 dum
1179 2473 1311 2537 rationis

350 2568 518 2634 libramine
530 2592 636 2635 rerum
648 2571 793 2635 omnium
808 2575 890 2636 vires
902 2584 1026 2656 pensat,
1036 2571 1173 2657 provida
1183 2572 1309 2657 dispen-

350 2671 473 2736 satione
494 2672 651 2759 qnicquid
677 2672 719 2739 ad
744 2671 978 2737 beatitudinem
1004 2672 1142 2758 proficit,
1170 2672 1308 2757 quadam

351 2774 444 2859 quasi
460 2797 556 2839 mann
573 2775 707 2840 virtutis
729 2774 953 2862 apprehendit.
990 2777 1083 2840 Tunc
1098 2797 1176 2861 ergo
1191 2774 1308 2842 divinae

352 2874 515 2962 sapientire
530 2890 597 2944 tuae
611 2891 801 2963 argumento
817 2876 1010 2944 validissimo
1025 2877 1197 2964 dupliciter
1211 2878 1308 2945 fidem

350 2977 440 3058 facia,
455 2978 533 3043 dum
548 2994 581 3045 et
594 2980 628 3043 in
644 2980 711 3045 tuis
725 2980 849 3046 actibus
860 2992 966 3045 rectus
981 2979 1113 3057 incedis,
1125 2991 1158 3044 et
1169 2981 1309 3066 philoso-

348 3077 459 3165 pharis
473 3080 507 3142 in
522 3082 617 3165 nugis
631 3080 751 3144 alienis.
795 3080 924 3145 Alacres
945 3080 1057 3163 itaque
1077 3094 1191 3145 exeant
1214 3104 1310 3167 nugae

346 3194 478 3256 nostrae,
495 3203 574 3266 quas
589 3181 741 3246 serenitas
755 3193 813 3244 tua
828 3180 956 3266 prodire
972 3179 1067 3265 jubet
1083 3180 1116 3243 in
1131 3181 1308 3268 publicum,

350 3298 388 3349 ut
414 3283 620 3370 conjectores,
644 3281 895 3360 mathematicos,
922 3304 994 3346 cum
1022 3281 1212 3366 quibusdam
1239 3284 1309 3352 aliis

353 3385 569 3471 nugatoribus
590 3385 815 3460 introducant;
848 3384 925 3470 qnia
942 3384 1061 3470 quibus
1082 3385 1199 3451 dedisti
1220 3411 1309 3474 egre·

353 3486 463 3551 diendi
488 3485 666 3561 andaciam,
693 3485 873 3551 securitatis
899 3509 1028 3572 quoque
1054 3485 1202 3552 fiduciam
1226 3512 1307 3576 pm.

354 3588 464 3654 stabis.
510 3592 752 3656 connectantur
771 3612 848 3676 ergo
863 3587 1012 3654 inferiora
1033 3590 1259 3671 superioribus,
1273 3608 1308 3660 et

356 3692 382 3756 si
398 3692 478 3778 quid
492 3692 525 3756 in
537 3691 701 3759 alterutris
714 3693 874 3769 vitiosum,
886 3707 941 3758 ant
953 3692 1096 3756 deforme
1109 3700 1305 3781 apparuerit,

353 3793 560 3879 benignitatis
575 3808 642 3861 tuae
656 3795 828 3883 prudentia
842 3792 1032 3881 corrigatur.

356 3968 436 4034 cm.
455 3973 482 4031 1.
508 3969 627 4033 Omina
647 3988 735 4033 cana
754 3988 830 4042 crac,
851 3976 883 4031 ct
902 3988 953 4031 rea
972 3987 1012 4030 ca
1020 3969 1096 4049 fide
1113 3991 1175 4034 saa
1195 3973 1309 4051 cuque

734 4071 932 4153 respondere.

399 4198 624 4261 Rusrrcnnusr
646 4208 679 4260 et
699 4197 783 4261 forte
799 4196 907 4263 Offelli
930 4196 1137 4282 proverbium
1151 4208 1218 4274 est;
1246 4196 1310 4273 Qui

356 4295 484 4361 somniis
509 4311 541 4363 et
565 4299 711 4383 auguriis
735 4299 849 4376 credit,
875 4321 1039 4394 nunquam
1062 4296 1129 4362 fore
1152 4319 1309 4365 securum.
