<?xml version="1.0" encoding="UTF-8"?>
<!DOCTYPE html PUBLIC "-//W3C//DTD XHTML 1.0 Transitional//EN"
    "http://www.w3.org/TR/xhtml1/DTD/xhtml1-transitional.dtd">
<html xmlns="http://www.w3.org/1999/xhtml" xml:lang="en" lang="en">
 <head>
  <title>
</title>
<meta http-equiv="Content-Type" content="text/html;charset=utf-8" />
  <meta name='ocr-system' content='tesseract 3.04.00' />
  <meta name='ocr-capabilities' content='ocr_page ocr_carea ocr_par ocr_line ocrx_word'/>
</head>
<body>
  <div class='ocr_page' id='page_1' title='image "./joannissaresber04johngoog_0309.png"; bbox 0 0 3309 5309; ppageno 0'>
   <div class='ocr_carea' id='block_1_1' title="bbox 248 661 1200 743">
    <p class='ocr_par' dir='ltr' id='par_1_1' title="bbox 248 661 1200 743">
     <span class='ocr_line' id='line_1_1' title="bbox 248 661 1200 743; baseline -0.008 -16"><span class='ocrx_word' id='word_1_1' title='bbox 248 682 318 728; x_wconf 78' lang='lat' dir='ltr'><strong>car.</strong></span> <span class='ocrx_word' id='word_1_2' title='bbox 334 664 424 743; x_wconf 77' lang='lat' dir='ltr'><strong>vna]</strong></span> <span class='ocrx_word' id='word_1_3' title='bbox 601 677 854 724; x_wconf 77' lang='lat' dir='ltr'><strong>aonucnancus.</strong></span> <span class='ocrx_word' id='word_1_4' title='bbox 1137 661 1200 720; x_wconf 77' lang='lat'><strong>298</strong></span> 
     </span>
    </p>
   </div>
   <div class='ocr_carea' id='block_1_2' title="bbox 161 824 1212 2354">
    <p class='ocr_par' dir='ltr' id='par_1_2' title="bbox 161 824 1212 2354">
     <span class='ocr_line' id='line_1_2' title="bbox 247 824 1200 916; baseline -0.01 -18"><span class='ocrx_word' id='word_1_5' title='bbox 247 833 326 898; x_wconf 88' lang='lat' dir='ltr'><strong>dari.</strong></span> <span class='ocrx_word' id='word_1_6' title='bbox 374 824 460 897; x_wconf 82' lang='lat' dir='ltr'><strong>Naui</strong></span> <span class='ocrx_word' id='word_1_7' title='bbox 476 842 509 894; x_wconf 89' lang='lat' dir='ltr'><strong>et</strong></span> <span class='ocrx_word' id='word_1_8' title='bbox 524 829 641 916; x_wconf 84' lang='lat' dir='ltr'><strong>quietae</strong></span> <span class='ocrx_word' id='word_1_9' title='bbox 656 826 821 902; x_wconf 82' lang='lat' dir='ltr'>libertatis,</span> <span class='ocrx_word' id='word_1_10' title='bbox 838 825 972 911; x_wconf 82' lang='lat' dir='ltr'><strong>justitiae</strong></span> <span class='ocrx_word' id='word_1_11' title='bbox 987 825 1086 902; x_wconf 88' lang='lat' dir='ltr'><strong>cultu,</strong></span> <span class='ocrx_word' id='word_1_12' title='bbox 1110 846 1200 888; x_wconf 85' lang='lat' dir='ltr'><strong>reve·</strong></span> 
     </span>
     <span class='ocr_line' id='line_1_3' title="bbox 247 927 1200 1018; baseline -0.009 -19"><span class='ocrx_word' id='word_1_13' title='bbox 247 933 351 999; x_wconf 87' lang='lat' dir='ltr'><strong>rentia</strong></span> <span class='ocrx_word' id='word_1_14' title='bbox 359 932 480 1018; x_wconf 84' lang='lat' dir='ltr'><strong>legum,</strong></span> <span class='ocrx_word' id='word_1_15' title='bbox 492 927 763 1017; x_wconf 85' lang='lat' dir='ltr'><strong>finitimarumque</strong></span> <span class='ocrx_word' id='word_1_16' title='bbox 771 929 917 1014; x_wconf 84' lang='lat' dir='ltr'><strong>gentium</strong></span> <span class='ocrx_word' id='word_1_17' title='bbox 926 927 1084 1007; x_wconf 81' lang='lat' dir='ltr'><strong>amicitiie,</strong></span> <span class='ocrx_word' id='word_1_18' title='bbox 1096 937 1200 990; x_wconf 89' lang='lat' dir='ltr'><strong>matu·</strong></span> 
     </span>
     <span class='ocr_line' id='line_1_4' title="bbox 246 1031 1198 1118; baseline -0.009 -17"><span class='ocrx_word' id='word_1_19' title='bbox 246 1036 340 1101; x_wconf 85' lang='lat' dir='ltr'><strong>ritate</strong></span> <span class='ocrx_word' id='word_1_20' title='bbox 355 1035 570 1112; x_wconf 82' lang='lat' dir='ltr'><strong>consiliorum,</strong></span> <span class='ocrx_word' id='word_1_21' title='bbox 586 1046 620 1098; x_wconf 87' lang='lat' dir='ltr'><strong>et</strong></span> <span class='ocrx_word' id='word_1_22' title='bbox 633 1033 787 1118; x_wconf 85' lang='lat' dir='ltr'><strong>gravitate</strong></span> <span class='ocrx_word' id='word_1_23' title='bbox 802 1031 982 1109; x_wconf 83' lang='lat' dir='ltr'><strong>verborum,</strong></span> <span class='ocrx_word' id='word_1_24' title='bbox 998 1043 1032 1095; x_wconf 94' lang='lat' dir='ltr'><strong>et</strong></span> <span class='ocrx_word' id='word_1_25' title='bbox 1054 1033 1198 1117; x_wconf 78' lang='lat' dir='ltr'><strong>operum,</strong></span> 
     </span>
     <span class='ocr_line' id='line_1_5' title="bbox 247 1129 1200 1219; baseline -0.009 -15"><span class='ocrx_word' id='word_1_26' title='bbox 247 1138 465 1215; x_wconf 87' lang='lat' dir='ltr'><strong>obtinuerunt,</strong></span> <span class='ocrx_word' id='word_1_27' title='bbox 482 1149 518 1202; x_wconf 94' lang='lat' dir='ltr'><strong>ut</strong></span> <span class='ocrx_word' id='word_1_28' title='bbox 532 1136 725 1201; x_wconf 85' lang='lat' dir='ltr'><strong>orbem’suoe</strong></span> <span class='ocrx_word' id='word_1_29' title='bbox 745 1132 941 1219; x_wconf 83' lang='lat' dir='ltr'><strong>subjicerent</strong></span> <span class='ocrx_word' id='word_1_30' title='bbox 963 1132 1087 1198; x_wconf 89' lang='lat' dir='ltr'>ditioni.</span> <span class='ocrx_word' id='word_1_31' title='bbox 1135 1129 1200 1196; x_wconf 88' lang='lat' dir='ltr'><strong>Sed</strong></span> 
     </span>
     <span class='ocr_line' id='line_1_6' title="bbox 184 1235 1198 1328; baseline -0.009 -21"><span class='ocrx_word' id='word_1_32' title='bbox 184 1235 194 1241; x_wconf 66' lang='grc'><strong>’</strong></span> <span class='ocrx_word' id='word_1_33' title='bbox 247 1241 379 1328; x_wconf 87' lang='lat' dir='ltr'><strong>quiade</strong></span> <span class='ocrx_word' id='word_1_34' title='bbox 403 1240 580 1305; x_wconf 81' lang='lat' dir='ltr'><strong>constantia</strong></span> <span class='ocrx_word' id='word_1_35' title='bbox 603 1260 714 1303; x_wconf 89' lang='lat' dir='ltr'><strong>eorum</strong></span> <span class='ocrx_word' id='word_1_36' title='bbox 738 1237 905 1322; x_wconf 84' lang='lat' dir='ltr'><strong>eoepimua,</strong></span> <span class='ocrx_word' id='word_1_37' title='bbox 919 1259 1019 1301; x_wconf 89' lang='lat' dir='ltr'><strong>unum</strong></span> <span class='ocrx_word' id='word_1_38' title='bbox 1041 1237 1082 1300; x_wconf 89' lang='lat' dir='ltr'><strong>de</strong></span> <span class='ocrx_word' id='word_1_39' title='bbox 1111 1235 1198 1299; x_wconf 89' lang='lat' dir='ltr'><strong>Stra·</strong></span> 
     </span>
     <span class='ocr_line' id='line_1_7' title="bbox 248 1336 1200 1428; baseline -0.009 -20"><span class='ocrx_word' id='word_1_40' title='bbox 248 1343 462 1428; x_wconf 85' lang='lat' dir='ltr'><strong>tegematibus</strong></span> <span class='ocrx_word' id='word_1_41' title='bbox 488 1342 567 1408; x_wconf 90' lang='lat' dir='ltr'>Julii</span> <span class='ocrx_word' id='word_1_42' title='bbox 594 1341 749 1417; x_wconf 88' lang='lat' dir='ltr'><strong>Frontiui,</strong></span> <span class='ocrx_word' id='word_1_43' title='bbox 776 1362 834 1426; x_wconf 92' lang='lat' dir='ltr'><strong>pro</strong></span> <span class='ocrx_word' id='word_1_44' title='bbox 862 1339 972 1404; x_wconf 87' lang='lat' dir='ltr'><strong>multis</strong></span> <span class='ocrx_word' id='word_1_45' title='bbox 1001 1349 1137 1425; x_wconf 89' lang='lat' dir='ltr'><strong>ponatur</strong></span> <span class='ocrx_word' id='word_1_46' title='bbox 1164 1336 1200 1400; x_wconf 92' lang='lat' dir='ltr'><strong>in</strong></span> 
     </span>
     <span class='ocr_line' id='line_1_8' title="bbox 248 1439 1202 1531; baseline -0.009 -19"><span class='ocrx_word' id='word_1_47' title='bbox 248 1447 365 1514; x_wconf 91' lang='lat' dir='ltr'><strong>medio.</strong></span> <span class='ocrx_word' id='word_1_48' title='bbox 412 1447 523 1522; x_wconf 89' lang='lat' dir='ltr'><strong>Quum</strong></span> <span class='ocrx_word' id='word_1_49' title='bbox 538 1445 646 1531; x_wconf 89' lang='lat' dir='ltr'><strong>itaque</strong></span> <span class='ocrx_word' id='word_1_50' title='bbox 661 1443 749 1508; x_wconf 87' lang='lat' dir='ltr'><strong>urbis</strong></span> <span class='ocrx_word' id='word_1_51' title='bbox 764 1442 928 1507; x_wconf 68' lang='lat' dir='ltr'><strong>moenibus&#39;</strong></span> <span class='ocrx_word' id='word_1_52' title='bbox 947 1441 1112 1506; x_wconf 88' lang='lat' dir='ltr'>Hannibal</span> <span class='ocrx_word' id='word_1_53' title='bbox 1126 1439 1202 1505; x_wconf 85' lang='lat' dir='ltr'><strong>assi-</strong></span> 
     </span>
     <span class='ocr_line' id='line_1_9' title="bbox 247 1543 1212 1632; baseline -0.008 -16"><span class='ocrx_word' id='word_1_54' title='bbox 247 1549 349 1628; x_wconf 82' lang='lat' dir='ltr'><strong>derat,</strong></span> <span class='ocrx_word' id='word_1_55' title='bbox 369 1546 568 1615; x_wconf 73' lang='lat' dir='ltr'><strong>ostentanda</strong></span> <span class='ocrx_word' id='word_1_56' title='bbox 589 1547 716 1612; x_wconf 85' lang='lat' dir='ltr'><strong>fiduciae</strong></span> <span class='ocrx_word' id='word_1_57' title='bbox 735 1546 848 1631; x_wconf 87' lang='lat' dir='ltr'><strong>gratia,</strong></span> <span class='ocrx_word' id='word_1_58' title='bbox 869 1544 1127 1632; x_wconf 89' lang='lat' dir='ltr'><strong>supplementum</strong></span> <span class='ocrx_word' id='word_1_59' title='bbox 1148 1543 1212 1609; x_wconf 76' lang='lat' dir='ltr'><strong>eu·¹</strong></span> 
     </span>
     <span class='ocr_line' id='line_1_10' title="bbox 247 1647 1200 1739; baseline -0.005 -24"><span class='ocrx_word' id='word_1_60' title='bbox 247 1651 410 1734; x_wconf 74' lang='lat' dir='ltr'><strong>amitibus,</strong></span> <span class='ocrx_word' id='word_1_61' title='bbox 431 1674 511 1739; x_wconf 89' lang='lat' dir='ltr'><strong>quos</strong></span> <span class='ocrx_word' id='word_1_62' title='bbox 532 1652 566 1714; x_wconf 93' lang='lat' dir='ltr'><strong>in</strong></span> <span class='ocrx_word' id='word_1_63' title='bbox 591 1649 748 1736; x_wconf 78' lang='lat' dir='ltr'>Hispania</span> <span class='ocrx_word' id='word_1_64' title='bbox 767 1648 940 1724; x_wconf 81' lang='lat' dir='ltr'><strong>habebant,</strong></span> <span class='ocrx_word' id='word_1_65' title='bbox 963 1647 1087 1713; x_wconf 82' lang='lat' dir='ltr'><strong>diversa</strong></span> <span class='ocrx_word' id='word_1_66' title='bbox 1108 1658 1200 1732; x_wconf 90' lang='lat' dir='ltr'><strong>porta</strong></span> 
     </span>
     <span class='ocr_line' id='line_1_11' title="bbox 248 1744 1200 1839; baseline -0.007 -19"><span class='ocrx_word' id='word_1_67' title='bbox 248 1744 415 1822; x_wconf 61' lang='lat' dir='ltr'><strong>miserunt</strong></span> <span class='ocrx_word' id='word_1_68' title='bbox 471 1755 575 1820; x_wconf 85' lang='lat' dir='ltr'>iidem</span> <span class='ocrx_word' id='word_1_69' title='bbox 601 1776 713 1838; x_wconf 81' lang='lat' dir='ltr'><strong>agrum</strong></span> <span class='ocrx_word' id='word_1_70' title='bbox 739 1753 772 1816; x_wconf 93' lang='lat' dir='ltr'><strong>in</strong></span> <span class='ocrx_word' id='word_1_71' title='bbox 796 1775 860 1839; x_wconf 91' lang='lat' dir='ltr'><strong>quo</strong></span> <span class='ocrx_word' id='word_1_72' title='bbox 883 1763 986 1816; x_wconf 86' lang='lat' dir='ltr'><strong>castra</strong></span> <span class='ocrx_word' id='word_1_73' title='bbox 1008 1749 1200 1815; x_wconf 80' lang='lat' dir='ltr'>Hannibalis</span> 
     </span>
     <span class='ocr_line' id='line_1_12' title="bbox 249 1845 1201 1941; baseline -0.008 -17"><span class='ocrx_word' id='word_1_74' title='bbox 249 1869 351 1941; x_wconf 86' lang='lat' dir='ltr'><strong>erant,</strong></span> <span class='ocrx_word' id='word_1_75' title='bbox 372 1845 525 1923; x_wconf 82' lang='lat' dir='ltr'><strong>defuncte</strong></span> <span class='ocrx_word' id='word_1_76' title='bbox 548 1857 629 1922; x_wconf 87' lang='lat' dir='ltr'><strong>forte</strong></span> <span class='ocrx_word' id='word_1_77' title='bbox 655 1856 797 1936; x_wconf 89' lang='lat' dir='ltr'>domino,</span> <span class='ocrx_word' id='word_1_78' title='bbox 819 1855 965 1920; x_wconf 87' lang='lat' dir='ltr'><strong>venalem</strong></span> <span class='ocrx_word' id='word_1_79' title='bbox 987 1853 1029 1918; x_wconf 89' lang='lat' dir='ltr'><strong>ad</strong></span> <span class='ocrx_word' id='word_1_80' title='bbox 1050 1852 1083 1918; x_wconf 92' lang='lat' dir='ltr'><strong>id</strong></span> <span class='ocrx_word' id='word_1_81' title='bbox 1106 1851 1201 1940; x_wconf 87' lang='lat' dir='ltr'><strong>pretii</strong></span> 
     </span>
     <span class='ocr_line' id='line_1_13' title="bbox 187 1954 1200 2047; baseline -0.004 -23"><span class='ocrx_word' id='word_1_82' title='bbox 187 1979 190 1986; x_wconf 84' lang='lat'>·</span> <span class='ocrx_word' id='word_1_83' title='bbox 249 1959 376 2026; x_wconf 84' lang='lat' dir='ltr'>licendo</span> <span class='ocrx_word' id='word_1_84' title='bbox 392 1962 621 2047; x_wconf 83' lang='lat' dir='ltr'><strong>perduxerunt,</strong></span> <span class='ocrx_word' id='word_1_85' title='bbox 637 1982 701 2046; x_wconf 91' lang='lat' dir='ltr'><strong>quo</strong></span> <span class='ocrx_word' id='word_1_86' title='bbox 723 1959 751 2026; x_wconf 90' lang='lat' dir='ltr'><strong>is</strong></span> <span class='ocrx_word' id='word_1_87' title='bbox 773 1955 849 2043; x_wconf 83' lang='lat' dir='ltr'><strong>ager</strong></span> <span class='ocrx_word' id='word_1_88' title='bbox 871 1954 945 2022; x_wconf 85' lang='lat' dir='ltr'><strong>ante</strong></span> <span class='ocrx_word' id='word_1_89' title='bbox 967 1955 1089 2022; x_wconf 84' lang='lat' dir='ltr'><strong>bellum</strong></span> <span class='ocrx_word' id='word_1_90' title='bbox 1111 1956 1200 2023; x_wconf 79' lang='lat' dir='ltr'><strong>veni-</strong></span> 
     </span>
     <span class='ocr_line' id='line_1_14' title="bbox 248 2058 1200 2147; baseline -0.006 -17"><span class='ocrx_word' id='word_1_91' title='bbox 248 2077 326 2130; x_wconf 83' lang='lat' dir='ltr'><strong>erat.</strong></span> <span class='ocrx_word' id='word_1_92' title='bbox 374 2066 420 2129; x_wconf 93' lang='lat' dir='ltr'><strong>Hi</strong></span> <span class='ocrx_word' id='word_1_93' title='bbox 434 2065 511 2129; x_wconf 89' lang='lat' dir='ltr'><strong>dum</strong></span> <span class='ocrx_word' id='word_1_94' title='bbox 527 2064 569 2130; x_wconf 87' lang='lat' dir='ltr'><strong>ab</strong></span> <span class='ocrx_word' id='word_1_95' title='bbox 586 2062 770 2128; x_wconf 84' lang='lat' dir='ltr'>Hannibale</span> <span class='ocrx_word' id='word_1_96' title='bbox 786 2058 984 2139; x_wconf 85' lang='lat' dir='ltr'><strong>obsidentur,</strong></span> <span class='ocrx_word' id='word_1_97' title='bbox 996 2073 1027 2125; x_wconf 92' lang='lat' dir='ltr'><strong>et</strong></span> <span class='ocrx_word' id='word_1_98' title='bbox 1043 2059 1102 2147; x_wconf 89' lang='lat' dir='ltr'>ipsi</span> <span class='ocrx_word' id='word_1_99' title='bbox 1118 2059 1200 2125; x_wconf 87' lang='lat' dir='ltr'>obsi-</span> 
     </span>
     <span class='ocr_line' id='line_1_15' title="bbox 248 2165 1200 2254; baseline -0.004 -22"><span class='ocrx_word' id='word_1_100' title='bbox 248 2167 363 2233; x_wconf 85' lang='lat' dir='ltr'><strong>derent</strong></span> <span class='ocrx_word' id='word_1_101' title='bbox 383 2169 539 2254; x_wconf 87' lang='lat' dir='ltr'><strong>Capuam,</strong></span> <span class='ocrx_word' id='word_1_102' title='bbox 554 2167 765 2232; x_wconf 87' lang='lat' dir='ltr'><strong>decreverunt</strong></span> <span class='ocrx_word' id='word_1_103' title='bbox 788 2188 827 2231; x_wconf 88' lang='lat' dir='ltr'><strong>ne</strong></span> <span class='ocrx_word' id='word_1_104' title='bbox 850 2165 911 2230; x_wconf 84' lang='lat' dir='ltr'>nisi</span> <span class='ocrx_word' id='word_1_105' title='bbox 933 2189 972 2231; x_wconf 89' lang='lat' dir='ltr'><strong>ea</strong></span> <span class='ocrx_word' id='word_1_106' title='bbox 993 2177 1096 2253; x_wconf 88' lang='lat' dir='ltr'><strong>capta,</strong></span> <span class='ocrx_word' id='word_1_107' title='bbox 1112 2185 1200 2229; x_wconf 88' lang='lat' dir='ltr'><strong>revo-</strong></span> 
     </span>
     <span class='ocr_line' id='line_1_16' title="bbox 161 2270 645 2354; baseline 0.006 -19"><span class='ocrx_word' id='word_1_108' title='bbox 161 2334 167 2354; x_wconf 79' lang='grc'>,</span> <span class='ocrx_word' id='word_1_109' title='bbox 251 2282 376 2336; x_wconf 86' lang='lat' dir='ltr'><strong>caretur</strong></span> <span class='ocrx_word' id='word_1_110' title='bbox 389 2271 464 2336; x_wconf 91' lang='lat' dir='ltr'><strong>inde</strong></span> <span class='ocrx_word' id='word_1_111' title='bbox 479 2270 645 2339; x_wconf 83' lang='lat' dir='ltr'><strong>exercitus.</strong></span> 
     </span>
    </p>
   </div>
   <div class='ocr_carea' id='block_1_3' title="bbox 254 2630 1205 2795">
    <p class='ocr_par' dir='ltr' id='par_1_3' title="bbox 254 2630 1205 2795">
     <span class='ocr_line' id='line_1_17' title="bbox 254 2630 1205 2716; baseline -0.005 -19"><span class='ocrx_word' id='word_1_112' title='bbox 254 2630 332 2716; x_wconf 88' lang='lat' dir='ltr'><strong>Cap.</strong></span> <span class='ocrx_word' id='word_1_113' title='bbox 348 2638 377 2697; x_wconf 83' lang='lat'><strong>8.</strong></span> <span class='ocrx_word' id='word_1_114' title='bbox 411 2634 514 2709; x_wconf 77' lang='lat' dir='ltr'><strong>Quare</strong></span> <span class='ocrx_word' id='word_1_115' title='bbox 547 2632 712 2712; x_wconf 79' lang='lat' dir='ltr'><strong>Trnjnrrua</strong></span> <span class='ocrx_word' id='word_1_116' title='bbox 740 2632 888 2693; x_wconf 77' lang='lat' dir='ltr'><strong>videatur</strong></span> <span class='ocrx_word' id='word_1_117' title='bbox 916 2630 1063 2692; x_wconf 76' lang='lat' dir='ltr'><strong>omnibus</strong></span> <span class='ocrx_word' id='word_1_118' title='bbox 1088 2631 1205 2712; x_wconf 76' lang='lat' dir='ltr'><strong>prafe-</strong></span> 
     </span>
     <span class='ocr_line' id='line_1_18' title="bbox 663 2731 791 2795; baseline 0.008 -1"><span class='ocrx_word' id='word_1_119' title='bbox 663 2731 791 2795; x_wconf 75' lang='lat' dir='ltr'><strong>rendae.</strong></span> 
     </span>
    </p>
   </div>
   <div class='ocr_carea' id='block_1_4' title="bbox 245 2876 1298 4413">
    <p class='ocr_par' dir='ltr' id='par_1_4' title="bbox 245 2876 1298 4413">
     <span class='ocr_line' id='line_1_19' title="bbox 293 2876 1201 2963; baseline -0.007 -15"><span class='ocrx_word' id='word_1_120' title='bbox 293 2885 395 2947; x_wconf 78' lang='lat' dir='ltr'><strong>Nunc</strong></span> <span class='ocrx_word' id='word_1_121' title='bbox 424 2889 543 2953; x_wconf 87' lang='lat' dir='ltr'><strong>autern,</strong></span> <span class='ocrx_word' id='word_1_122' title='bbox 570 2876 664 2941; x_wconf 92' lang='lat' dir='ltr'><strong>utin</strong></span> <span class='ocrx_word' id='word_1_123' title='bbox 692 2877 833 2963; x_wconf 85' lang='lat' dir='ltr'><strong>Trajano</strong></span> <span class='ocrx_word' id='word_1_124' title='bbox 861 2876 1024 2942; x_wconf 87' lang='lat' dir='ltr'><strong>Plutarchi</strong></span> <span class='ocrx_word' id='word_1_125' title='bbox 1050 2887 1201 2962; x_wconf 85' lang='lat' dir='ltr'><strong>stratege-</strong></span> 
     </span>
     <span class='ocr_line' id='line_1_20' title="bbox 249 2979 1200 3065; baseline -0.001 -19"><span class='ocrx_word' id='word_1_126' title='bbox 249 2982 374 3046; x_wconf 84' lang='lat' dir='ltr'>maticis</span> <span class='ocrx_word' id='word_1_127' title='bbox 389 2991 525 3065; x_wconf 86' lang='lat' dir='ltr'><strong>ponatur</strong></span> <span class='ocrx_word' id='word_1_128' title='bbox 536 2979 659 3055; x_wconf 87' lang='lat' dir='ltr'><strong>modus,</strong></span> <span class='ocrx_word' id='word_1_129' title='bbox 672 2990 770 3044; x_wconf 85' lang='lat' dir='ltr'><strong>tantae</strong></span> <span class='ocrx_word' id='word_1_130' title='bbox 785 2980 979 3045; x_wconf 87' lang='lat' dir='ltr'><strong>fortitudinis</strong></span> <span class='ocrx_word' id='word_1_131' title='bbox 993 2991 1026 3044; x_wconf 92' lang='lat' dir='ltr'><strong>et</strong></span> <span class='ocrx_word' id='word_1_132' title='bbox 1040 2979 1200 3045; x_wconf 82' lang='lat' dir='ltr'><strong>civilitatis</strong></span> 
     </span>
     <span class='ocr_line' id='line_1_21' title="bbox 247 3081 1298 3169; baseline -0.001 -22"><span class='ocrx_word' id='word_1_133' title='bbox 247 3083 320 3156; x_wconf 85' lang='lat' dir='ltr'><strong>fuit,</strong></span> <span class='ocrx_word' id='word_1_134' title='bbox 338 3091 375 3144; x_wconf 93' lang='lat' dir='ltr'><strong>ut</strong></span> <span class='ocrx_word' id='word_1_135' title='bbox 400 3081 539 3145; x_wconf 89' lang='lat' dir='ltr'><strong>Romani</strong></span> <span class='ocrx_word' id='word_1_136' title='bbox 562 3081 689 3167; x_wconf 87' lang='lat' dir='ltr'><strong>imperii</strong></span> <span class='ocrx_word' id='word_1_137' title='bbox 711 3084 801 3163; x_wconf 84' lang='lat' dir='ltr'><strong>fines,</strong></span> <span class='ocrx_word' id='word_1_138' title='bbox 816 3082 903 3169; x_wconf 93' lang='lat' dir='ltr'><strong>quod</strong></span> <span class='ocrx_word' id='word_1_139' title='bbox 926 3092 997 3168; x_wconf 89' lang='lat' dir='ltr'><strong>post</strong></span> <span class='ocrx_word' id='word_1_140' title='bbox 1017 3082 1199 3166; x_wconf 82' lang='lat' dir='ltr'><strong>Augustum</strong></span> <span class='ocrx_word' id='word_1_141' title='bbox 1296 3096 1298 3101; x_wconf 87' lang='grc'><strong>’</strong></span> 
     </span>
     <span class='ocr_line' id='line_1_22' title="bbox 249 3184 1200 3272; baseline -0.001 -22"><span class='ocrx_word' id='word_1_142' title='bbox 249 3185 418 3250; x_wconf 88' lang='lat' dir='ltr'><strong>defensum</strong></span> <span class='ocrx_word' id='word_1_143' title='bbox 440 3187 541 3269; x_wconf 86' lang='lat' dir='ltr'><strong>magia</strong></span> <span class='ocrx_word' id='word_1_144' title='bbox 566 3184 680 3265; x_wconf 87' lang='lat' dir='ltr'><strong>fuerat,</strong></span> <span class='ocrx_word' id='word_1_145' title='bbox 703 3207 799 3272; x_wconf 87' lang='lat' dir='ltr'><strong>quarn</strong></span> <span class='ocrx_word' id='word_1_146' title='bbox 826 3184 976 3250; x_wconf 87' lang='lat' dir='ltr'><strong>nobiliter</strong></span> <span class='ocrx_word' id='word_1_147' title='bbox 1000 3184 1200 3271; x_wconf 81' lang='lat' dir='ltr'><strong>ampliatum,</strong></span> 
     </span>
     <span class='ocr_line' id='line_1_23' title="bbox 248 3286 1200 3375; baseline 0.002 -23"><span class='ocrx_word' id='word_1_148' title='bbox 248 3288 344 3373; x_wconf 85' lang='lat' dir='ltr'><strong>longe</strong></span> <span class='ocrx_word' id='word_1_149' title='bbox 360 3287 487 3375; x_wconf 86' lang='lat' dir='ltr'><strong>lateque</strong></span> <span class='ocrx_word' id='word_1_150' title='bbox 502 3288 704 3353; x_wconf 88' lang='lat' dir='ltr'><strong>diffunderet.</strong></span> <span class='ocrx_word' id='word_1_151' title='bbox 743 3287 889 3354; x_wconf 91' lang='lat' dir='ltr'>Gloriam</span> <span class='ocrx_word' id='word_1_152' title='bbox 905 3301 1014 3353; x_wconf 89' lang='lat' dir='ltr'><strong>tamen</strong></span> <span class='ocrx_word' id='word_1_153' title='bbox 1029 3286 1200 3354; x_wconf 87' lang='lat' dir='ltr'><strong>militarem</strong></span> 
     </span>
     <span class='ocr_line' id='line_1_24' title="bbox 249 3391 1199 3479; baseline 0.004 -24"><span class='ocrx_word' id='word_1_154' title='bbox 249 3391 465 3457; x_wconf 84' lang='lat' dir='ltr'><strong>moderatione</strong></span> <span class='ocrx_word' id='word_1_155' title='bbox 504 3391 674 3478; x_wconf 88' lang='lat' dir='ltr'><strong>superavit,</strong></span> <span class='ocrx_word' id='word_1_156' title='bbox 708 3392 833 3469; x_wconf 88' lang='lat' dir='ltr'><strong>Rornae,</strong></span> <span class='ocrx_word' id='word_1_157' title='bbox 861 3404 894 3456; x_wconf 91' lang='lat' dir='ltr'><strong>et</strong></span> <span class='ocrx_word' id='word_1_158' title='bbox 933 3414 992 3479; x_wconf 86' lang='lat' dir='ltr'><strong>par</strong></span> <span class='ocrx_word' id='word_1_159' title='bbox 1020 3392 1199 3479; x_wconf 81' lang='lat' dir='ltr'><strong>provincias</strong></span> 
     </span>
     <span class='ocr_line' id='line_1_25' title="bbox 250 3493 1202 3583; baseline 0.007 -26"><span class='ocrx_word' id='word_1_160' title='bbox 250 3493 440 3560; x_wconf 79' lang='lat' dir='ltr'><strong>omnibusne</strong></span> <span class='ocrx_word' id='word_1_161' title='bbox 456 3498 614 3583; x_wconf 77' lang='lat' dir='ltr'><strong>aequalem</strong></span> <span class='ocrx_word' id='word_1_162' title='bbox 627 3495 791 3576; x_wconf 83' lang='lat' dir='ltr'><strong>exhibens,</strong></span> <span class='ocrx_word' id='word_1_163' title='bbox 804 3495 922 3561; x_wconf 87' lang='lat' dir='ltr'><strong>amieos</strong></span> <span class='ocrx_word' id='word_1_164' title='bbox 937 3494 1094 3561; x_wconf 84' lang='lat' dir='ltr'><strong>salutandi</strong></span> <span class='ocrx_word' id='word_1_165' title='bbox 1106 3518 1202 3563; x_wconf 81' lang='lat' dir='ltr'><strong>causa</strong></span> 
     </span>
     <span class='ocr_line' id='line_1_26' title="bbox 251 3596 1201 3686; baseline 0.007 -27"><span class='ocrx_word' id='word_1_166' title='bbox 251 3596 464 3683; x_wconf 83' lang='lat' dir='ltr'><strong>frequentans,</strong></span> <span class='ocrx_word' id='word_1_167' title='bbox 490 3598 541 3664; x_wconf 88' lang='lat' dir='ltr'><strong>vel</strong></span> <span class='ocrx_word' id='word_1_168' title='bbox 567 3610 768 3686; x_wconf 72' lang='lat' dir='ltr'><strong>aegrotantes,</strong></span> <span class='ocrx_word' id='word_1_169' title='bbox 794 3599 844 3666; x_wconf 85' lang='lat' dir='ltr'><strong>vel</strong></span> <span class='ocrx_word' id='word_1_170' title='bbox 875 3600 963 3665; x_wconf 86' lang='lat' dir='ltr'><strong>festis</strong></span> <span class='ocrx_word' id='word_1_171' title='bbox 992 3600 1105 3665; x_wconf 89' lang='lat' dir='ltr'><strong>diebus</strong></span> <span class='ocrx_word' id='word_1_172' title='bbox 1127 3624 1201 3666; x_wconf 89' lang='lat' dir='ltr'><strong>cum</strong></span> 
     </span>
     <span class='ocr_line' id='line_1_27' title="bbox 251 3696 1202 3780; baseline 0.009 -18"><span class='ocrx_word' id='word_1_173' title='bbox 251 3696 370 3764; x_wconf 83' lang='lat' dir='ltr'><strong>eisdem</strong></span> <span class='ocrx_word' id='word_1_174' title='bbox 392 3701 562 3767; x_wconf 85' lang='lat' dir='ltr'><strong>indisereta</strong></span> <span class='ocrx_word' id='word_1_175' title='bbox 583 3702 719 3767; x_wconf 84' lang='lat' dir='ltr'>vicissim</span> <span class='ocrx_word' id='word_1_176' title='bbox 741 3701 863 3769; x_wconf 89' lang='lat' dir='ltr'><strong>habens</strong></span> <span class='ocrx_word' id='word_1_177' title='bbox 878 3701 1033 3780; x_wconf 81' lang='lat' dir='ltr'>convivia,</span> <span class='ocrx_word' id='word_1_178' title='bbox 1048 3703 1202 3771; x_wconf 82' lang='lat' dir='ltr'>vehiculis</span> 
     </span>
     <span class='ocr_line' id='line_1_28' title="bbox 252 3805 1205 3896; baseline 0.01 -31"><span class='ocrx_word' id='word_1_179' title='bbox 252 3823 372 3884; x_wconf 83' lang='lat' dir='ltr'><strong>eorum,</strong></span> <span class='ocrx_word' id='word_1_180' title='bbox 386 3815 419 3868; x_wconf 91' lang='lat' dir='ltr'><strong>et</strong></span> <span class='ocrx_word' id='word_1_181' title='bbox 432 3805 572 3870; x_wconf 85' lang='lat' dir='ltr'><strong>vestibus</strong></span> <span class='ocrx_word' id='word_1_182' title='bbox 588 3806 808 3871; x_wconf 87' lang='lat' dir='ltr'><strong>indifferenter</strong></span> <span class='ocrx_word' id='word_1_183' title='bbox 823 3818 927 3886; x_wconf 86' lang='lat' dir='ltr'><strong>utens,</strong></span> <span class='ocrx_word' id='word_1_184' title='bbox 943 3806 1070 3892; x_wconf 80' lang='lat' dir='ltr'><strong>publice</strong></span> <span class='ocrx_word' id='word_1_185' title='bbox 1086 3818 1120 3873; x_wconf 92' lang='lat' dir='ltr'><strong>et</strong></span> <span class='ocrx_word' id='word_1_186' title='bbox 1140 3809 1205 3896; x_wconf 88' lang='lat' dir='ltr'><strong>pri·</strong></span> 
     </span>
     <span class='ocr_line' id='line_1_29' title="bbox 251 3905 1203 3996; baseline 0.008 -27"><span class='ocrx_word' id='word_1_187' title='bbox 251 3905 348 3970; x_wconf 88' lang='lat' dir='ltr'><strong>vatim</strong></span> <span class='ocrx_word' id='word_1_188' title='bbox 363 3906 467 3973; x_wconf 76' lang='lat' dir='ltr'><strong>ditans</strong></span> <span class='ocrx_word' id='word_1_189' title='bbox 481 3931 602 3986; x_wconf 87' lang='lat' dir='ltr'><strong>omnes,</strong></span> <span class='ocrx_word' id='word_1_190' title='bbox 617 3909 836 3975; x_wconf 87' lang='lat' dir='ltr'><strong>immunitates</strong></span> <span class='ocrx_word' id='word_1_191' title='bbox 860 3908 1040 3975; x_wconf 83' lang='lat' dir='ltr'><strong>civitatibus</strong></span> <span class='ocrx_word' id='word_1_192' title='bbox 1055 3909 1203 3996; x_wconf 85' lang='lat' dir='ltr'><strong>largiens,</strong></span> 
     </span>
     <span class='ocr_line' id='line_1_30' title="bbox 252 4009 1202 4100; baseline 0.009 -30"><span class='ocrx_word' id='word_1_193' title='bbox 252 4009 394 4075; x_wconf 84' lang='lat' dir='ltr'><strong>relaxans</strong></span> <span class='ocrx_word' id='word_1_194' title='bbox 405 4011 525 4076; x_wconf 88' lang='lat' dir='ltr'><strong>tributa</strong></span> <span class='ocrx_word' id='word_1_195' title='bbox 536 4013 715 4099; x_wconf 90' lang='lat' dir='ltr'>provinciis,</span> <span class='ocrx_word' id='word_1_196' title='bbox 723 4013 804 4080; x_wconf 90' lang='lat' dir='ltr'>nulli</span> <span class='ocrx_word' id='word_1_197' title='bbox 815 4015 930 4100; x_wconf 86' lang='lat' dir='ltr'><strong>gravis,</strong></span> <span class='ocrx_word' id='word_1_198' title='bbox 941 4035 1031 4078; x_wconf 84' lang='lat' dir='ltr'><strong>carus</strong></span> <span class='ocrx_word' id='word_1_199' title='bbox 1043 4015 1202 4093; x_wconf 83' lang='lat' dir='ltr'><strong>omuibus,</strong></span> 
     </span>
     <span class='ocr_line' id='line_1_31' title="bbox 249 4111 1201 4203; baseline 0.002 -27"><span class='ocrx_word' id='word_1_200' title='bbox 249 4111 340 4193; x_wconf 90' lang='lat' dir='ltr'><strong>adeo,</strong></span> <span class='ocrx_word' id='word_1_201' title='bbox 356 4125 391 4179; x_wconf 93' lang='lat' dir='ltr'><strong>ut</strong></span> <span class='ocrx_word' id='word_1_202' title='bbox 412 4137 513 4203; x_wconf 85' lang='lat' dir='ltr'><strong>usque</strong></span> <span class='ocrx_word' id='word_1_203' title='bbox 535 4116 576 4180; x_wconf 90' lang='lat' dir='ltr'><strong>ad</strong></span> <span class='ocrx_word' id='word_1_204' title='bbox 598 4129 738 4183; x_wconf 88' lang='lat' dir='ltr'><strong>nostram</strong></span> <span class='ocrx_word' id='word_1_205' title='bbox 761 4129 903 4197; x_wconf 85' lang='lat' dir='ltr'><strong>aetatem,</strong></span> <span class='ocrx_word' id='word_1_206' title='bbox 925 4118 958 4181; x_wconf 92' lang='lat' dir='ltr'><strong>in</strong></span> <span class='ocrx_word' id='word_1_207' title='bbox 983 4117 1115 4192; x_wconf 88' lang='lat' dir='ltr'><strong>Senatu,</strong></span> <span class='ocrx_word' id='word_1_208' title='bbox 1137 4136 1201 4179; x_wconf 92' lang='lat' dir='ltr'><strong>non</strong></span> 
     </span>
     <span class='ocr_line' id='line_1_32' title="bbox 247 4213 1204 4304; baseline 0.001 -26"><span class='ocrx_word' id='word_1_209' title='bbox 247 4213 340 4280; x_wconf 88' lang='lat' dir='ltr'><strong>aliter</strong></span> <span class='ocrx_word' id='word_1_210' title='bbox 348 4216 543 4304; x_wconf 86' lang='lat' dir='ltr'>principibus</span> <span class='ocrx_word' id='word_1_211' title='bbox 554 4218 758 4297; x_wconf 85' lang='lat' dir='ltr'><strong>acclametur,</strong></span> <span class='ocrx_word' id='word_1_212' title='bbox 770 4221 908 4285; x_wconf 87' lang='lat' dir='ltr'><strong>Felicior</strong></span> <span class='ocrx_word' id='word_1_213' title='bbox 924 4221 1080 4302; x_wconf 84' lang='lat' dir='ltr'><strong>Augusto,</strong></span> <span class='ocrx_word' id='word_1_214' title='bbox 1089 4216 1204 4280; x_wconf 91' lang='lat' dir='ltr'><strong>melior</strong></span> 
     </span>
     <span class='ocr_line' id='line_1_33' title="bbox 245 4308 1253 4413; baseline 0.003 -33"><span class='ocrx_word' id='word_1_215' title='bbox 245 4316 287 4383; x_wconf 82' lang='lat' dir='ltr'><strong>ais</strong></span> <span class='ocrx_word' id='word_1_216' title='bbox 308 4319 465 4404; x_wconf 87' lang='lat' dir='ltr'><strong>Trajanol</strong></span> <span class='ocrx_word' id='word_1_217' title='bbox 497 4322 551 4389; x_wconf 80' lang='lat' dir='ltr'><strong>sic</strong></span> <span class='ocrx_word' id='word_1_218' title='bbox 570 4322 678 4409; x_wconf 87' lang='lat' dir='ltr'><strong>itaque</strong></span> <span class='ocrx_word' id='word_1_219' title='bbox 698 4322 862 4413; x_wconf 73' lang='lat' dir='ltr'><strong>memoriae</strong></span> <span class='ocrx_word' id='word_1_220' title='bbox 881 4322 950 4406; x_wconf 86' lang='lat' dir='ltr'><strong>ejus</strong></span> <span class='ocrx_word' id='word_1_221' title='bbox 970 4318 1113 4385; x_wconf 88' lang='lat' dir='ltr'><strong>delatum</strong></span> <span class='ocrx_word' id='word_1_222' title='bbox 1135 4330 1194 4396; x_wconf 87' lang='lat' dir='ltr'><strong>est,</strong></span> <span class='ocrx_word' id='word_1_223' title='bbox 1250 4308 1253 4313; x_wconf 40' lang='lat'>⁵</span> 
     </span>
    </p>
   </div>
   <div class='ocr_carea' id='block_1_5' title="bbox 0 0 1666 5309">
    <p class='ocr_par' dir='ltr' id='par_1_5' title="bbox 0 0 1666 5309">
     <span class='ocr_line' id='line_1_34' title="bbox 0 0 1666 5309; baseline 0 0"><span class='ocrx_word' id='word_1_224' title='bbox 0 0 1666 5309; x_wconf 95' lang='lat' dir='ltr'><strong> </strong></span> 
     </span>
    </p>
   </div>
  </div>
 </body>
</html>
