3309 5309
454 660 517 720 136
715 674 851 719 roanms
868 673 1150 720 ssussssmassrs
1277 654 1360 733 [trs.
1376 674 1411 719 11.

459 829 525 890 tius
541 826 695 889 mendacii
711 824 887 888 credendus
909 839 987 905 erat,
1001 847 1099 909 quam
1116 823 1251 888 occultae
1268 823 1412 888 veritatis

457 927 622 1013 interpres.
657 927 763 1013 Vulgo
777 925 935 1011 siquidem
949 948 1048 1012 quum
1065 927 1140 1011 quis
1151 927 1325 991 mentiendi
1338 940 1413 990 nota

456 1028 609 1106 inuritur,
625 1029 687 1093 dici
703 1028 793 1104 solet,
810 1027 886 1112 quia
901 1032 1015 1113 quovis
1030 1029 1164 1103 excubo,
1182 1028 1313 1113 vigilive
1328 1050 1413 1093 men·

458 1128 565 1193 dacior
585 1145 641 1195 est.
689 1132 772 1195 Item
794 1129 1084 1194 chironomanticus
1101 1129 1279 1210 adhibitus,
1293 1143 1326 1194 et
1342 1153 1413 1194 con-

460 1230 563 1295 sultus
578 1232 656 1317 quid
680 1230 841 1295 contulit?
880 1234 964 1295 Nam
981 1230 1093 1294 subeo
1113 1230 1249 1295 articulo
1266 1243 1412 1317 uterque,

460 1333 606 1419 quisquis
622 1334 681 1396 hoc
696 1334 808 1419 egerit,
820 1333 986 1397 consultus
1000 1346 1059 1400 est.
1091 1333 1144 1396 Tu
1160 1333 1290 1418 quidem
1304 1333 1413 1418 paucis

459 1435 573 1499 diebus
595 1435 718 1522 elapsis,
741 1435 832 1521 quasi
856 1434 978 1497 stellam
1006 1433 1194 1498 matutinam
1216 1434 1343 1519 generis
1365 1435 1411 1499 tui

460 1560 522 1601 non
536 1537 932 1623 praemonitusperdidisti.
964 1539 1185 1623 Caetera,quae
1196 1537 1414 1616 meliusnosti,

461 1641 596 1705 scienter
610 1655 719 1713 taceo;
750 1662 852 1726 quum
869 1638 921 1702 isti
942 1639 1083 1703 vanitate
1098 1662 1156 1703 sua
1178 1639 1354 1705 meruerint
1374 1661 1413 1703 ne

458 1743 594 1808 ulterius
617 1743 833 1807 consulantur.
877 1741 1130 1825 Pythonicorum
1151 1765 1227 1806 vero
1249 1766 1287 1806 eo
1309 1742 1413 1830 perui·

459 1847 571 1910 ciosior
586 1858 634 1910 est
650 1844 852 1920 consultatio,
869 1867 936 1930 quo
949 1844 1074 1908 fallacia
1096 1844 1308 1928 malignorum
1325 1844 1413 1932 spiri-

459 1961 551 2012 tuum
569 1948 599 2011 in
617 1947 665 2010 his
681 1947 878 2012 manifestior
900 1959 959 2026 est,
974 1947 1030 2034 qni
1047 1947 1113 2010 sive
1129 1950 1334 2027 mentiantur,
1349 1948 1412 2012 sive

459 2072 534 2127 non,
549 2053 581 2113 in
596 2049 759 2135 proposito
776 2072 899 2136 semper
914 2049 1033 2114 hahent
1049 2062 1085 2113 ut
1101 2064 1243 2114 noceant.
1283 2049 1414 2116 Fallunt

460 2164 567 2215 autem
591 2150 752 2215 interdum
779 2152 887 2216 studio
911 2151 1053 2232 fallendi,
1078 2153 1238 2216 interdum
1263 2151 1414 2217 caecitatis

461 2276 529 2317 suae
544 2274 649 2314 errore
665 2252 808 2337 decepti:
835 2253 866 2316 id
885 2267 989 2318 tamen
1004 2270 1105 2337 agunt
1120 2253 1257 2333 assidue,
1275 2267 1310 2318 ut
1325 2254 1412 2318 futu·

461 2376 570 2418 rorum
592 2354 706 2417 conscii
729 2377 786 2438 per
808 2356 914 2419 omnia
931 2357 1107 2421 videantur.
1155 2356 1236 2420 Inde
1256 2370 1305 2420 est
1328 2355 1412 2443 quod

461 2453 672 2539 ambiguitate
687 2456 856 2520 verborum
877 2457 1063 2522 obnubilare
1079 2457 1209 2522 student
1223 2456 1363 2536 oracula,
1379 2471 1414 2521 ut

462 2579 559 2643 quum
582 2557 757 2638 mendaces,
778 2571 834 2623 aut
856 2559 985 2625 fallaces
1006 2559 1127 2623 inventi
1152 2558 1285 2636 fuerint,
1306 2559 1414 2645 aliquo

461 2660 593 2724 rationis
611 2661 786 2725 velamento
798 2683 886 2725 suam
904 2674 1050 2747 quoerant
1065 2662 1148 2728 tueri
1163 2662 1332 2728 fallaciam.
1364 2661 1414 2726 Sic

463 2763 577 2850 utique
606 2763 714 2828 fallere
743 2786 806 2827 non
834 2762 1005 2842 desistunt,
1030 2764 1130 2828 donec
1156 2764 1319 2829 auditores
1343 2786 1414 2829 suos

461 2866 663 2952 praecipitent
691 2866 721 2929 in
748 2866 884 2930 ruinam.
929 2867 991 2932 Cui
1016 2866 1099 2929 enim
1123 2889 1142 2930 a
1166 2865 1283 2931 saeculo
1305 2880 1412 2932 vatum

460 2968 610 3052 profuere
624 2972 797 3054 responsa?
826 2971 1001 3047 Croeso-ne,
1014 2991 1053 3032 an
1071 2968 1209 3054 Pyrrho,
1225 2983 1282 3033 aut
1298 2990 1414 3054 praece·

460 3068 603 3134 dentium
617 3083 673 3134 aut
682 3071 943 3156 subsequentium
956 3073 1126 3156 cuiquam?
1150 3073 1229 3134 Dux
1240 3070 1414 3136 Thebanus

461 3169 537 3236 dum
553 3173 593 3236 de
609 3172 737 3237 oraculo
753 3188 859 3258 sperat
872 3172 1047 3251 victoriam,
1059 3171 1169 3237 fratris
1185 3195 1334 3237 mucrone
1345 3194 1413 3259 per-

463 3271 594 3338 foditur.
640 3276 685 3339 Et
703 3287 807 3338 tamen
831 3296 911 3337 avus
932 3272 1033 3336 Laius
1051 3294 1213 3336 successus
1233 3272 1309 3341 belli
1330 3273 1414 3336 visus

463 3387 509 3436 est
526 3374 677 3458 polliceri.
722 3375 808 3454 Quid
823 3375 906 3439 enim
923 3375 1011 3440 aliud
1028 3373 1328 3468 significaret‚quod
1343 3383 1413 3460 post

463 3474 581 3540 multas
595 3478 743 3564 ambages
758 3478 880 3556 intulit,

672 3618 742 3665 certa
754 3618 794 3666 est
805 3613 911 3665 victoria
923 3611 1047 3664 Thebis?

468 3728 628 3793 Caeterum
644 3754 694 3806 ne,
710 3732 901 3817 interempto
916 3731 1009 3808 duce,
1026 3729 1181 3795 mendacii
1197 3740 1363 3815 arguatur,
1378 3737 1414 3795 ut

465 3828 620 3892 fallaciam
643 3834 793 3917 ambigua
809 3833 948 3897 veritatis
970 3847 1046 3896 nota
1068 3833 1253 3908 obduceret,
1269 3853 1333 3917 quo
1353 3850 1415 3892 ma·

466 3929 563 3995 litiam
582 3944 719 4009 tueatur,
736 3935 884 4019 subjecit,
1258 3940 1261 3944 ⁴

641 4066 696 4118 Hei
708 4065 772 4117 mihi
784 4083 830 4137 per
841 4066 941 4134 gladios
953 4070 1014 4121 vicit
1026 4076 1107 4142 pater.

468 4185 518 4248 Sic
534 4209 610 4269 ergo
625 4185 701 4250 dum
725 4186 813 4272 qnasi
828 4185 967 4250 fatorum
991 4189 1121 4252 consilio
1142 4209 1272 4251 securus
1287 4186 1328 4251 ad
1344 4209 1414 4273 par-

465 4288 611 4361 ricidium
634 4289 797 4371 invitatur,
812 4290 927 4376 laqueo
949 4292 1121 4379 impietatis
1145 4292 1284 4357 trahitur
1303 4290 1344 4355 ad
1364 4312 1414 4354 oc·
