3309 5309
347 687 418 732 car.
431 668 523 748 rur]
701 683 956 746 rorrcaarrcos.
1125 653 1130 663 “
1238 672 1301 730 208

348 859 444 923 quam
467 840 551 902 inter
570 836 710 915 amicos3
733 846 765 899 et
778 836 862 899 inter
881 835 1013 914 amicos,
1028 856 1065 899 ac
1089 836 1116 898 si
1137 836 1172 898 in
1187 836 1304 898 mediis

347 939 494 1002 hostibus
509 939 673 1001 viveretur.
719 938 764 1000 Et
779 936 943 1019 Satyricus
955 958 970 1020 ε,

452 1059 603 1114 Vivendum
614 1065 655 1112 est
665 1065 736 1113 reete
748 1076 826 1128 quum
838 1063 941 1130 propter
952 1057 1071 1131 plurima,
1083 1066 1139 1114 tum
1150 1061 1184 1113 de
1194 1060 1238 1113 his

455 1146 590 1217 Praecipue
601 1147 694 1211 causis,
707 1151 737 1197 ut
747 1144 852 1212 linguas
863 1146 1047 1215 mancipiorum

453 1230 624 1294 Contemnes,
636 1248 698 1282 nam
709 1229 800 1298 lingua
810 1227 874 1281 mali
886 1247 946 1301 pars
957 1232 1070 1301 pessima
1082 1233 1159 1285 servi.

345 1344 490 1408 sednon
504 1344 602 1407 modo
616 1355 744 1428 propter
758 1346 883 1426 linguas
899 1365 1069 1421 servorum,
1082 1367 1190 1409 verum
1203 1368 1299 1431 prop·

348 1456 396 1510 ter
411 1444 547 1526 gladios,
563 1456 594 1509 et
611 1466 737 1509 venena
756 1456 936 1528 potentum,
951 1456 984 1509 et
1004 1446 1138 1511 insidias
1153 1449 1306 1524 omnium,

349 1558 513 1631 praecepto
529 1546 667 1629 Satyrici
683 1547 882 1630 parcendum
897 1558 955 1610 est.

351 1831 434 1914 Cap.
453 1834 503 1894 13.
529 1831 624 1899 Quod
644 1833 815 1895 vendicari
832 1840 978 1913 possunt,
999 1853 1068 1916 que
1090 1840 1166 1894 suot
1188 1831 1305 1895 adolo-

395 1932 538 1996 tiooibus
552 1936 715 2017 acquisito
722 1961 734 2005 ,·
758 1941 790 1996 ct
805 1932 845 1996 de
859 1933 1039 2011 lenonibus,
1053 1941 1085 1996 ct
1100 1931 1260 2010 mollibus,
1274 1942 1306 1995 et

391 2053 499 2112 poenae
512 2052 621 2095 eorum
628 2054 642 2104 ;
657 2042 688 2096 et
700 2034 787 2116 quod
795 2035 964 2116 pudicitia
975 2035 1105 2115 auferri
1118 2055 1184 2096 noa
1194 2042 1302 2116 potest

394 2135 562 2212 violenter,
575 2136 641 2196 nia
655 2155 745 2197 meas
759 2138 833 2218 ipro
846 2137 1036 2199 consentiat.

396 2267 506 2336 Arour
529 2266 675 2330 adulator
700 2267 730 2329 ei
756 2287 958 2350 nequaquam
978 2287 1089 2349 parere
1110 2277 1228 2351 potest,
1250 2268 1306 2350 qui

355 2367 437 2428 nihil
452 2365 540 2429 aliud
556 2369 678 2453 quaerit,
692 2368 754 2431 nisi
770 2380 805 2432 ut
818 2369 955 2452 placeat.
1000 2369 1036 2430 Si
1051 2378 1167 2450 potest,
1181 2389 1239 2451 per
1253 2389 1307 2445 se3

355 2468 405 2532 sin
422 2477 529 2532 autem
541 2491 710 2552 personam
726 2471 934 2552 suppositam,
944 2469 1058 2552 quaerit
1071 2490 1205 2535 uxorem
1218 2469 1309 2547 forte,

356 2569 492 2632 aliamve
508 2571 711 2654 conjunctam
727 2571 778 2631 vel
788 2569 874 2651 jure,
888 2570 940 2631 vel
956 2569 1135 2630 affectione.
1172 2569 1309 2631 Affectio

355 2680 463 2733 tamen
479 2673 641 2735 efficacior
661 2682 718 2749 est,
733 2692 771 2732 eo
794 2669 883 2752 quod
904 2669 952 2731 ad·
964 2678 1108 2731 naturam
1124 2668 1310 2732 familiarius

356 2772 495 2849 accedit,
519 2773 646 2856 ipsique
671 2772 780 2834 unitur
804 2771 931 2848 animae,
953 2769 1106 2853 quicquid
1132 2770 1310 2833 affectionis

354 2872 476 2936 foedere
492 2875 668 2956 copulatur.
699 2872 775 2933 Non
791 2881 840 2935 est
853 2872 964 2954 utique
976 2871 1187 2954 perniciosior
1201 2892 1308 2934 assen-

354 2973 446 3051 tatio,
469 2994 566 3057 quam
589 2994 627 3035 ea
649 2994 721 3056 quae
743 2969 925 3036 affectionis
946 2972 1133 3035 inductione
1155 2971 1309 3055 procedit.

356 3072 440 3135 Inde
461 3071 617 3154 estquod
640 3093 727 3155 saepe
750 3073 855 3136 mariti
877 3074 995 3136 metius
1017 3073 1262 3156 amplectuntur,
1276 3081 1309 3134 et

356 3194 391 3236 se
406 3169 561 3235 rivalibus
577 3173 643 3235 suis
658 3162 826 3256 exponunt
846 3174 983 3256 plenius,
998 3184 1029 3236 et
1044 3172 1162 3256 saepius
1176 3172 1312 3236 invitant

355 3273 399 3336 ad
423 3293 551 3336 coenam
573 3273 767 3336 matrimonii
790 3285 999 3356 corruptores,
1023 3273 1110 3354 dum,
1127 3284 1164 3337 ut
1184 3295 1311 3358 prover-

355 3375 485 3438 bialiter
499 3374 628 3452 dicitur,
642 3388 764 3438 amator
779 3372 926 3439 incautus
946 3376 1074 3459 pudicae
1090 3377 1192 3458 magis
1206 3378 1312 3455 uxori,

359 3497 456 3559 quam
471 3476 656 3540 infidelibus
677 3477 780 3541 oculis
796 3477 907 3540 credit·
953 3478 1072 3539 Nonne
1093 3479 1168 3542 satis
1182 3478 1311 3542 delusus

359 3589 419 3654 est,
441 3578 496 3659 qui
517 3579 621 3641 oculis
644 3580 710 3642 suis
732 3579 938 3642 assertionem
960 3579 1154 3658 foemineam,
1176 3603 1246 3664 quoe
1268 3603 1311 3644 ex

359 3700 397 3742 eo
413 3680 482 3741 solo
495 3678 615 3764 decipit
630 3682 782 3761 crebrius,
792 3680 880 3765 quod
893 3681 1094 3765 intercipitur
1103 3683 1213 3761 rarius,
1223 3693 1311 3747 ante·

360 3779 473 3862 ponit?
497 3781 576 3844 Pica
591 3780 750 3866 siquidem
765 3783 942 3866 pulvinaris
956 3782 1181 3847 efficacissima
1194 3794 1253 3859 est,
1269 3795 1312 3863 et,

360 3890 396 3943 ut
410 3881 476 3944 dici
493 3883 586 3962 solet,
596 3883 711 3945 cornix
725 3894 883 3948 noctuma
898 3885 1010 3967 quovis
1021 3894 1144 3949 oratore
1156 3887 1311 3964 disertior,

360 3993 392 4044 et
407 3983 564 4068 cujusque
581 3985 685 4068 operis
699 3985 824 4063 faciem,
836 4007 1037 4070 quocumque
1051 3987 1180 4050 libuerit
1195 3989 1313 4065 colore,

362 4087 465 4148 vestit.
512 4088 583 4159 Quo
599 4108 674 4170 ergo
690 4089 823 4165 cautior,
839 4110 876 4150 eo
899 4089 1077 4173 suspectior
1091 4089 1240 4150 habenda
1255 4100 1311 4149 est.

362 4186 397 4249 Si
427 4187 521 4250 dolus
551 4189 641 4252 dedit
671 4210 800 4254 causam
831 4192 1021 4266 contractui,
1050 4188 1250 4258 rescinditur,
1281 4202 1313 4249 ot

360 4302 551 4354 revocantur
563 4293 680 4370 omnia,
693 4313 763 4373 quae
780 4313 821 4353 ex
839 4311 888 4365 eo,
900 4291 950 4352 vel
968 4291 1008 4351 ob
1024 4289 1057 4350 id
1073 4290 1215 4369 profecta
1231 4303 1312 4351 sunt.
