3309 5309
345 657 408 716 828
606 665 742 709 tonitrus
758 662 1036 706 sanusuasrurtsrs
1165 647 1247 726 [tm.
1263 664 1293 711 v,

345 818 455 879 rabilis
470 819 582 882 doctor
597 819 629 879 in
646 818 716 897 lege
743 815 888 890 Domini,
905 813 1010 878 dicere
1026 826 1246 889 consueverat,
1261 814 1294 876 in

346 941 478 1003 quorum
510 920 657 981 manibus
691 917 874 1000 iniquitates
908 926 993 992 sunt,
1020 916 1152 979 dextera
1185 937 1293 978 eorum

346 1021 467 1104 repleta
495 1031 544 1082 est
575 1014 780 1079 muneribus?
828 1016 1063 1079 Felicissimum
1094 1037 1200 1096 regem
1230 1017 1296 1078 An-

347 1120 482 1201 glorum,
513 1131 546 1180 et
575 1116 794 1191 Normanniae,
830 1127 862 1178 et
891 1116 1071 1199 Aquitaniae
1106 1115 1211 1179 adhuc
1248 1115 1296 1176 in·

346 1220 553 1282 victissimum
580 1218 706 1294 ducem,
733 1217 906 1296 interroga,
934 1217 1014 1301 quid
1043 1217 1139 1279 etiam
1165 1215 1204 1277 de
1231 1216 1296 1278 suis

345 1320 470 1397 sentiat,
486 1341 566 1404 quos
591 1318 735 1392 intrudit,
762 1332 795 1380 et
821 1316 918 1394 dicet,
942 1327 979 1380 ut
1005 1318 1129 1401 opinor,
1153 1318 1229 1380 Nou
1250 1326 1297 1378 est

347 1422 464 1485 malum
480 1423 513 1484 in
530 1424 625 1499 clero,
643 1419 730 1502 quod
742 1420 793 1483 isti
806 1441 869 1482 non
888 1420 1016 1482 saciant.
1061 1420 1296 1502 Episcoporum

347 1543 464 1585 nomen
482 1533 514 1584 et
528 1522 668 1584 officium
684 1520 863 1582 venerabile
878 1531 937 1596 est,
952 1520 977 1582 si
1002 1531 1091 1583 tanta
1115 1521 1299 1602 impleretur

349 1620 576 1699 sollicitudine,
591 1633 712 1705 quanta
726 1619 886 1683 interdurn
902 1621 1019 1703 petitur
1033 1620 1216 1682 ambitione.
1254 1620 1299 1681 Et

350 1722 555 1806 diligerentur
582 1733 618 1786 ut
640 1734 756 1806 patres,
780 1723 966 1784 timerentur
990 1737 1026 1785 ut
1051 1721 1184 1798 domini,
1215 1717 1299 1784 cole-

349 1837 457 1889 rentur
480 1838 514 1889 ut
537 1825 650 1902 sancti,
673 1825 701 1888 si
725 1824 947 1887 exactionibus
970 1834 1148 1906 parcerent,
1172 1834 1204 1885 et
1226 1843 1299 1905 pro-

346 1928 484 2010 jicerent
499 1950 539 1990 ex
557 1928 663 1991 animo
679 1925 834 2009 quicquid
849 1925 995 2007 provenit
1015 1946 1057 1987 ex
1082 1923 1252 1998 calumnia,
1269 1933 1300 1985 et

351 2049 478 2092 omnem
495 2040 651 2112 quaestum
667 2023 797 2088 minime
813 2023 979 2087 crederent
994 2024 1155 2107 pietatem.
1196 2023 1299 2086 Coete·

349 2151 419 2192 rum
446 2131 507 2192 sibi
535 2128 744 2192 reverentiam
772 2126 963 2190 subtrahunt
986 2136 1019 2189 et
1044 2147 1196 2199 amorem,
1223 2127 1298 2188 dum

348 2230 484 2293 honores
499 2231 654 2307 ambiunt,
669 2229 838 2311 pecuniam
863 2229 1009 2311 cupiunt,
1031 2239 1064 2291 et
1086 2229 1135 2290 rel
1160 2248 1233 2291 suas
1258 2228 1273 2289 s
1289 2264 1301 2274 ·

349 2330 449 2407 ciunt,
476 2331 523 2392 vel
559 2331 679 2392 alienas
705 2330 881 2406 calumnias
918 2331 1035 2392 forent.
1089 2330 1135 2392 Et
1168 2320 1300 2412 quidem

350 2430 460 2494 nescio
484 2430 647 2515 quomodo
670 2440 779 2492 notam
803 2443 836 2492 ot
860 2452 988 2514 poenam
1013 2452 1139 2493 omnem
1164 2431 1301 2494 evadant

351 2532 409 2614 qui
436 2530 637 2594 exactionem
665 2531 762 2594 totius
785 2531 973 2594 calumniosi
1008 2545 1146 2615 quaestus
1172 2532 1235 2594 sibi
1260 2531 1300 2594 ad

349 2633 456 2696 miuus
481 2635 605 2696 bessem
625 2632 805 2696 vendicant.
850 2635 936 2694 Nam
960 2643 1016 2696 aut
1041 2632 1178 2696 solidum
1199 2654 1300 2696 assem

350 2746 506 2816 usurpant
530 2735 602 2811 sibi,
618 2745 673 2797 aut
697 2745 731 2795 ut
753 2735 900 2808 multum,
917 2735 1062 2797 trientem
1080 2735 1238 2798 duntaxat
1252 2757 1299 2798 ar-

351 2833 549 2899 chidiaconis
575 2847 607 2897 et
631 2836 702 2898 aliis
729 2835 931 2912 officialibus,
953 2857 994 2898 ne
1019 2833 1123 2899 dicam
1148 2857 1221 2900 cum
1244 2858 1298 2919 po-

351 2938 429 3021 pulo
454 2937 607 3000 ministris
632 2937 820 3020 iniquitatis,
846 2936 974 3001 cedunt.
1031 2938 1095 3000 Sed
1119 2960 1179 3000 nec
1204 2938 1302 3017 legati

353 3037 439 3101 sedis
469 3039 666 3121 apostolicae,
696 3058 809 3100 manus
842 3059 915 3100 suas
945 3039 1113 3102 excutiunt
1144 3041 1185 3102 ab
1216 3040 1303 3102 omni

352 3161 493 3217 munere,
509 3141 564 3222 qui
578 3139 737 3203 interdum
753 3141 786 3203 in
803 3140 977 3222 provinciis
992 3142 1037 3205 ita
1055 3141 1304 3219 debacchantur,

352 3261 389 3304 ac
407 3241 434 3303 si
449 3240 490 3301 ad
513 3240 681 3303 ecclesiam
704 3238 929 3321 flagellandam
951 3261 1097 3320 egressus
1119 3241 1161 3303 sit
1183 3242 1303 3305 Sathan

354 3362 374 3403 a
388 3340 472 3403 facie
488 3341 632 3405 Domini.
680 3343 876 3404 Concutiunt
892 3343 1026 3424 angulos
1040 3342 1166 3419 domus,
1180 3357 1216 3405 ut
1230 3363 1302 3425 pro-

354 3450 496 3504 sternant
509 3441 594 3507 filios
609 3454 641 3505 et
659 3444 742 3507 filias
757 3442 838 3526 ejus,
854 3445 908 3527 qui
932 3446 1099 3526 languores
1122 3458 1154 3507 et
1177 3445 1303 3507 dolores

354 3545 530 3608 animarum
558 3547 679 3609 curavit
702 3547 737 3607 in
764 3567 870 3610 cruce.
926 3546 1138 3610 Commoveat
1169 3557 1201 3610 et
1226 3567 1303 3609 con-

353 3648 484 3708 turbant
508 3657 635 3721 terram,
675 3658 709 3710 ut
735 3648 901 3712 videantur
931 3649 1049 3712 habere
1076 3649 1164 3732 quod
1200 3648 1304 3711 sanari

353 3754 505 3826 oporteat.
564 3749 630 3810 Hic
655 3762 760 3811 tamen
785 3771 850 3812 non
874 3749 914 3812 de
941 3751 1090 3813 omnibus
1114 3770 1216 3812 sermo
1244 3759 1303 3822 cst,

357 3842 467 3908 sedda
483 3845 534 3906 his
551 3848 605 3928 qui
631 3852 730 3929 patris
757 3852 919 3914 voluntate
945 3862 1139 3935 contempta,
1165 3850 1305 3914 serviunt

356 3967 431 4011 suae.
488 3944 623 4009 Constat
653 3949 738 4009 enim
765 3952 840 4032 quia
869 3953 903 4013 in
934 3953 1021 4014 omni
1056 3953 1162 4015 officio
1192 3952 1305 4014 domus

356 4046 488 4124 domini,
504 4047 549 4110 sic
565 4046 784 4129 relinquuntur
800 4051 940 4131 quidam,
956 4063 991 4114 ut
1015 4053 1069 4115 alii
1095 4063 1304 4115 assumantur.

355 4149 431 4210 Vidi
448 4171 508 4230 ego
524 4151 592 4232 ipse
620 4149 652 4210 in
669 4149 817 4213 omuibus
843 4153 904 4230 his,
931 4152 1071 4216 decanos
1097 4155 1231 4231 scilicet,
1256 4175 1303 4216 ar·

353 4249 572 4332 chidiaconos,
588 4251 770 4334 episcopos,
792 4267 823 4316 et
839 4255 971 4336 legatos,
988 4267 1074 4320 tanta
1100 4255 1303 4321 solicitudine
