3309 5309
351 679 411 738 162
593 693 732 738 mamus
755 691 1033 738 sanasuamaums
1154 675 1237 754 [aru.
1255 696 1309 741 111.

349 854 436 906 ratur
458 843 491 905 in
507 843 660 907 universis
681 855 715 908 et
737 842 878 927 siugulis.
926 841 980 906 Sic
1003 853 1037 906 et
1059 843 1150 908 Deus
1165 845 1310 910 animam

348 945 488 1030 perfecte
514 945 685 1027 viventem,
713 957 815 1010 totam
845 955 990 1030 occupat,
1020 955 1124 1011 totam
1153 948 1307 1033 possidet,

348 1060 462 1132 regnat
475 1059 508 1112 et
530 1048 616 1132 viget
636 1049 670 1111 in
693 1059 768 1112 tota.
815 1047 934 1114 Nullus
949 1047 979 1111 ei
994 1048 1131 1132 angulus
1153 1061 1310 1137 exceptus

349 1165 406 1216 est.
452 1152 517 1217 Sed
537 1152 615 1239 quid
636 1151 671 1214 in
692 1151 800 1216 anima
821 1151 976 1235 angulum
996 1150 1047 1216 vel
1063 1163 1189 1237 partem
1211 1153 1310 1219 dico?

351 1252 495 1317 Partium
517 1275 629 1340 expers
659 1265 718 1331 est,
741 1253 957 1340 simplicisque
987 1264 1123 1331 naturae,
1147 1265 1182 1318 et
1210 1255 1308 1320 totius

348 1354 542 1440 duplicitatis
564 1355 684 1441 ignara.
730 1355 841 1420 Partes
856 1368 965 1421 tamen
985 1378 1064 1443 quas
1079 1357 1195 1442 potuit,
1212 1357 1272 1422 sibi
1288 1381 1307 1423 a

348 1456 552 1523 distributore
568 1458 724 1522 bonorum
739 1456 930 1522 vendicavit.
959 1457 1073 1532 Quas?
1094 1457 1211 1546 inquis.
1236 1460 1306 1524 Vrr-

350 1570 434 1625 tutes
456 1561 577 1648 utique,
601 1560 717 1647 quibus
740 1560 826 1645 viget
841 1571 875 1624 et
896 1571 1056 1647 operatur,
1071 1571 1105 1625 et
1117 1561 1166 1625 sui
1182 1563 1308 1649 experi-

349 1674 495 1728 mentum
513 1664 600 1730 facit.
631 1664 666 1729 Si
682 1686 745 1728 nen
761 1686 837 1748 ergo
852 1662 1090 1749 multiplicitate
1105 1665 1258 1750 partium,
1273 1678 1306 1731 et

349 1766 535 1851 quantitatis
550 1767 689 1853 quadam
704 1765 897 1831 distensione
913 1766 1037 1844 crescit,
1055 1767 1179 1832 ratione
1194 1779 1302 1833 tamen

349 1880 383 1933 et
403 1869 579 1946 intellectu,
595 1869 740 1956 appetitu
760 1869 849 1950 boni,
863 1869 1026 1934 aversione
1042 1869 1130 1948 mali,
1153 1883 1304 1937 manente

348 1971 560 2056 simplicitatis
590 1983 703 2037 natura
731 1971 893 2036 dilatatur.
948 1971 1059 2045 Quum
1092 1994 1169 2036 vero
1201 1984 1305 2059 partes

348 2071 423 2136 intas
445 2073 572 2158 spiritus
592 2072 706 2159 implet
731 2072 836 2157 (Deus
858 2071 944 2136 enim
968 2071 1096 2157 spiritus
1117 2077 1182 2158 ast)
1206 2073 1305 2138 solida

348 2185 382 2238 at
401 2175 543 2258 perfecta
562 2185 611 2238 est
625 2175 690 2238 vita
712 2175 839 2239 animae.
886 2174 998 2249 Quum
1012 2173 1100 2238 enim
1123 2173 1304 2242 intellectus

349 2276 468 2352 Deum,
494 2276 549 2362 qui
575 2298 701 2341 summe
729 2277 833 2341 bonus
862 2287 920 2354 est,
951 2276 1035 2342 visus
1064 2275 1113 2341 sui
1141 2276 1301 2356 acumine,

348 2388 505 2463 quantum
527 2378 612 2444 valet
633 2391 667 2443 et
688 2378 764 2443 licet
786 2379 1009 2465 apprehendit,
1024 2390 1058 2444 at
1076 2379 1200 2444 bonum
1219 2380 1303 2468 quod

347 2480 402 2545 ille
432 2481 529 2563 videt,
551 2483 734 2569 incormpta
764 2482 910 2548 voluntas
939 2482 1072 2569 appetit,
1101 2493 1136 2548 et
1156 2484 1240 2548 ratio
1262 2506 1301 2548 ne

346 2583 487 2648 declinet
508 2585 549 2649 ad
566 2585 731 2649 dexteram
750 2583 801 2648 vel
824 2582 993 2665 sinistram,
1009 2583 1064 2669 qui
1087 2604 1166 2647 sano
1187 2584 1302 2649 affectu

345 2687 387 2752 ad
401 2687 522 2751 bonum
533 2687 678 2762 trahitur,
697 2687 780 2751 viam
791 2685 905 2772 aperit,
916 2686 985 2771 jam
998 2687 1161 2772 quandam
1172 2685 1303 2751 immor·

346 2790 477 2855 talitatis
491 2800 661 2877 assequuta
676 2801 724 2854 est
739 2788 884 2874 gloriam.
930 2787 1026 2864 Quod
1046 2788 1128 2853 forte
1147 2788 1219 2874 jam
1233 2811 1303 2853 aen·

346 2892 456 2975 tiebat,
470 2892 526 2980 qui
541 2894 574 2957 iu
589 2893 743 2958 suavitate
760 2889 965 2956 conscientiae
980 2913 1048 2956 suoe
1063 2891 1213 2956 dicebate
1238 2893 1301 2957 Cer

347 3017 467 3078 meum,
489 3007 523 3059 et
544 3017 617 3059 caro
639 3016 712 3059 mea
740 2992 965 3057 exultaverunt
987 2992 1020 3056 in
1044 2993 1154 3059 Deum
1184 2994 1301 3059 rivum.

352 3097 474 3185 Utique
490 3098 546 3185 qui
560 3097 620 3162 hac
635 3097 686 3163 via
700 3097 821 3162 incedit
837 3119 902 3161 non
917 3105 1024 3181 sperat
1038 3108 1095 3161 aut
1113 3096 1301 3174 extimescit,

345 3223 409 3265 non
433 3201 637 3265 contristatur
661 3212 717 3265 aut
743 3198 893 3263 condolet
914 3197 1009 3262 alicui
1032 3220 1157 3278 eorum,
1184 3220 1258 3286 quae
1282 3220 1302 3262 a

346 3325 472 3367 summo
493 3314 620 3367 atvero
641 3303 726 3367 bono
748 3301 928 3366 recedendo
944 3299 1110 3366 deficiunt.
1156 3300 1201 3367 Et
1222 3301 1302 3365 forte

346 3400 458 3465 fideles
487 3403 608 3468 animas
637 3403 752 3469 invitat
788 3423 893 3467 sermo
922 3401 1139 3487 propheticus,
1174 3401 1301 3466 dicens:

348 3502 580 3566 Convertimini
601 3505 710 3568 adme
732 3504 765 3567 in
789 3513 856 3567 toto
872 3503 967 3567 corde
989 3513 1105 3579 vestro,
1128 3513 1166 3568 ut
1179 3500 1301 3570 scilicet

347 3603 479 3686 angelus
501 3605 609 3689 gaudii
639 3616 695 3670 aut
717 3605 872 3681 moeroris,
901 3604 1024 3669 timoris
1050 3614 1107 3669 aut
1129 3604 1209 3690 spei,
1238 3625 1302 3668 non

345 3714 506 3768 avertatur
521 3705 630 3770 afacie
646 3728 728 3782 mea,
741 3716 774 3770 et
789 3727 872 3769 meae
884 3727 947 3769 non
957 3704 1125 3791 displiceat
1135 3705 1302 3771 voluntati.

348 3806 468 3891 Implet
487 3819 595 3872 autam
615 3809 685 3872 haec
700 3809 765 3874 vita
782 3831 912 3873 ornnem
935 3820 1126 3886 creaturam,
1142 3808 1220 3896 quia
1233 3807 1300 3872 aine

345 3930 384 3972 aa
399 3907 488 3971 nulla
503 3920 551 3973 est
565 3909 741 3974 substantia
763 3922 929 3975 creaturoe.
975 3911 1083 3975 Omne
1106 3910 1195 3974 euim
1215 3909 1302 3998 quod

345 4022 405 4089 est,
425 4011 494 4096 ejus
516 4010 756 4096 participatione
777 4023 825 4077 est
847 4012 879 4076 id
902 4014 988 4099 quod
1007 4024 1066 4078 est.
1114 4012 1179 4077 Sed
1202 4033 1301 4100 quum

344 4115 432 4179 sitin
453 4112 602 4178 omnibus
617 4134 674 4198 per
696 4124 854 4196 naturam,
880 4115 947 4179 sola
962 4113 1131 4179 rationalia
1144 4114 1302 4179 inhabitat

345 4240 403 4302 per
430 4217 575 4302 gratiam.
638 4216 721 4280 Sunt
749 4239 838 4303 ergo,
863 4218 939 4305 quia
962 4218 996 4281 in
1026 4217 1073 4282 eis
1097 4217 1214 4282 veritas
1242 4227 1297 4281 eat.

347 4319 559 4396 lllustrantur‚
586 4318 662 4405 quia
687 4317 720 4382 in
745 4319 791 4384 eis
813 4319 969 4406 sapientia
997 4329 1056 4388 cst.
1104 4319 1236 4385 Bonum
1252 4321 1297 4385 di·
