<?xml version="1.0" encoding="UTF-8"?>
<!DOCTYPE html PUBLIC "-//W3C//DTD XHTML 1.0 Transitional//EN"
    "http://www.w3.org/TR/xhtml1/DTD/xhtml1-transitional.dtd">
<html xmlns="http://www.w3.org/1999/xhtml" xml:lang="en" lang="en">
 <head>
  <title>
</title>
<meta http-equiv="Content-Type" content="text/html;charset=utf-8" />
  <meta name='ocr-system' content='tesseract 3.04.00' />
  <meta name='ocr-capabilities' content='ocr_page ocr_carea ocr_par ocr_line ocrx_word'/>
</head>
<body>
  <div class='ocr_page' id='page_1' title='image "./joannissaresber04johngoog_0237.png"; bbox 0 0 3309 5309; ppageno 0'>
   <div class='ocr_carea' id='block_1_1' title="bbox 692 663 2587 743">
    <p class='ocr_par' dir='ltr' id='par_1_1' title="bbox 692 663 2587 743">
     <span class='ocr_line' id='line_1_1' title="bbox 692 663 2587 743; baseline -0.003 -16"><span class='ocrx_word' id='word_1_1' title='bbox 692 683 831 728; x_wconf 80' lang='lat' dir='ltr'>CAP.</span> <span class='ocrx_word' id='word_1_2' title='bbox 865 663 970 743; x_wconf 89' lang='lat'>11.]</span> <span class='ocrx_word' id='word_1_3' title='bbox 1415 678 1926 725; x_wconf 67' lang='lat' dir='ltr'><strong>Pom’cm‘mcus,</strong></span> <span class='ocrx_word' id='word_1_4' title='bbox 2468 665 2587 724; x_wconf 74' lang='lat'><strong>221</strong></span> 
     </span>
    </p>
   </div>
   <div class='ocr_carea' id='block_1_2' title="bbox 681 915 2609 4034">
    <p class='ocr_par' dir='ltr' id='par_1_2' title="bbox 715 915 2598 1302">
     <span class='ocr_line' id='line_1_2' title="bbox 715 915 2598 1001; baseline -0.002 -21"><span class='ocrx_word' id='word_1_5' title='bbox 715 919 878 1001; x_wconf 87' lang='lat' dir='ltr'><strong>Cap.</strong></span> <span class='ocrx_word' id='word_1_6' title='bbox 911 923 971 980; x_wconf 80' lang='lat'><strong>2.</strong></span> <span class='ocrx_word' id='word_1_7' title='bbox 1034 917 1208 990; x_wconf 78' lang='lat' dir='ltr'><strong>Quid</strong></span> <span class='ocrx_word' id='word_1_8' title='bbox 1244 920 1388 979; x_wconf 67' lang='lat' dir='ltr'><strong>lew:</strong></span> <span class='ocrx_word' id='word_1_9' title='bbox 1439 925 1499 978; x_wconf 77' lang='lat' dir='ltr'><strong>et</strong></span> <span class='ocrx_word' id='word_1_10' title='bbox 1544 916 1715 997; x_wconf 80' lang='lat' dir='ltr'><strong>quod</strong></span> <span class='ocrx_word' id='word_1_11' title='bbox 1752 917 2082 996; x_wconf 76' lang='lat' dir='ltr'><strong>Princeps,</strong></span> <span class='ocrx_word' id='word_1_12' title='bbox 2124 915 2270 976; x_wconf 78' lang='lat' dir='ltr'><strong>lice!</strong></span> <span class='ocrx_word' id='word_1_13' title='bbox 2309 916 2394 976; x_wconf 80' lang='lat' dir='ltr'><strong>sit</strong></span> <span class='ocrx_word' id='word_1_14' title='bbox 2437 917 2598 995; x_wconf 79' lang='lat' dir='ltr'><strong>Iegis</strong></span> 
     </span>
     <span class='ocr_line' id='line_1_3' title="bbox 772 1018 2595 1096; baseline -0.001 -16"><span class='ocrx_word' id='word_1_15' title='bbox 772 1019 1037 1082; x_wconf 66' lang='lat' dir='ltr'><strong>navibus</strong></span> <span class='ocrx_word' id='word_1_16' title='bbox 1070 1018 1422 1093; x_wconf 61' lang='lat' dir='ltr'><strong>absolutam,</strong></span> <span class='ocrx_word' id='word_1_17' title='bbox 1465 1019 1625 1096; x_wconf 77' lang='lat' dir='ltr'><strong>legis·</strong></span> <span class='ocrx_word' id='word_1_18' title='bbox 1659 1023 1871 1079; x_wconf 79' lang='lat' dir='ltr'><strong>tamen</strong></span> <span class='ocrx_word' id='word_1_19' title='bbox 1906 1036 2129 1079; x_wconf 77' lang='lat' dir='ltr'><strong>servus</strong></span> <span class='ocrx_word' id='word_1_20' title='bbox 2169 1020 2259 1077; x_wconf 79' lang='lat' dir='ltr'><strong>est</strong></span> <span class='ocrx_word' id='word_1_21' title='bbox 2297 1023 2359 1077; x_wconf 82' lang='lat' dir='ltr'><strong>et</strong></span> <span class='ocrx_word' id='word_1_22' title='bbox 2397 1019 2595 1096; x_wconf 65' lang='grc' dir='ltr'><strong>(3ραὶ-</strong></span> 
     </span>
     <span class='ocr_line' id='line_1_4' title="bbox 782 1119 2598 1200; baseline -0.001 -18"><span class='ocrx_word' id='word_1_23' title='bbox 782 1122 964 1194; x_wconf 72' lang='lat' dir='ltr'><strong>tatic,</strong></span> <span class='ocrx_word' id='word_1_24' title='bbox 1003 1121 1297 1200; x_wconf 78' lang='lat' dir='ltr'><strong><em>geritque</em></strong></span> <span class='ocrx_word' id='word_1_25' title='bbox 1339 1139 1679 1199; x_wconf 76' lang='lat' dir='ltr'><em>personam</em></span> <span class='ocrx_word' id='word_1_26' title='bbox 1735 1119 2075 1199; x_wconf 81' lang='lat' dir='ltr'><strong><em>publicam,</em></strong></span> <span class='ocrx_word' id='word_1_27' title='bbox 2118 1123 2181 1180; x_wconf 76' lang='lat' dir='ltr'><strong>et</strong></span> <span class='ocrx_word' id='word_1_28' title='bbox 2222 1119 2598 1180; x_wconf 75' lang='lat' dir='ltr'><strong>innocenter</strong></span> 
     </span>
     <span class='ocr_line' id='line_1_5' title="bbox 778 1220 1435 1302; baseline -0.002 -20"><span class='ocrx_word' id='word_1_29' title='bbox 778 1221 1163 1301; x_wconf 78' lang='lat' dir='ltr'><strong>sanguinem</strong></span> <span class='ocrx_word' id='word_1_30' title='bbox 1174 1220 1435 1302; x_wconf 80' lang='lat' dir='ltr'><strong>fundit.</strong></span> 
     </span>
    </p>

    <p class='ocr_par' dir='ltr' id='par_1_3' title="bbox 681 1332 2609 4034">
     <span class='ocr_line' id='line_1_6' title="bbox 779 1332 2592 1417; baseline -0.002 -17"><span class='ocrx_word' id='word_1_31' title='bbox 779 1340 930 1400; x_wconf 79' lang='lat' dir='ltr'><strong>NEC</strong></span> <span class='ocrx_word' id='word_1_32' title='bbox 974 1335 1036 1397; x_wconf 89' lang='lat' dir='ltr'><strong>in</strong></span> <span class='ocrx_word' id='word_1_33' title='bbox 1085 1359 1162 1399; x_wconf 90' lang='lat' dir='ltr'><strong>eo</strong></span> <span class='ocrx_word' id='word_1_34' title='bbox 1207 1334 1327 1398; x_wconf 90' lang='lat' dir='ltr'><strong>sibi</strong></span> <span class='ocrx_word' id='word_1_35' title='bbox 1378 1333 1700 1417; x_wconf 80' lang='lat' dir='ltr'><strong>Principes</strong></span> <span class='ocrx_word' id='word_1_36' title='bbox 1744 1332 1992 1397; x_wconf 81' lang='lat' dir='ltr'>detrahi</span> <span class='ocrx_word' id='word_1_37' title='bbox 2036 1333 2440 1410; x_wconf 84' lang='lat' dir='ltr'><strong>arbitrentur,</strong></span> <span class='ocrx_word' id='word_1_38' title='bbox 2476 1334 2592 1400; x_wconf 87' lang='lat' dir='ltr'><strong>nisi</strong></span> 
     </span>
     <span class='ocr_line' id='line_1_7' title="bbox 681 1434 2595 1522; baseline -0.002 -21"><span class='ocrx_word' id='word_1_39' title='bbox 681 1437 960 1522; x_wconf 84' lang='lat' dir='ltr'><strong>justitiae</strong></span> <span class='ocrx_word' id='word_1_40' title='bbox 1006 1459 1139 1500; x_wconf 84' lang='lat' dir='ltr'><strong>suae</strong></span> <span class='ocrx_word' id='word_1_41' title='bbox 1184 1448 1425 1499; x_wconf 90' lang='lat' dir='ltr'><strong>statuta</strong></span> <span class='ocrx_word' id='word_1_42' title='bbox 1468 1435 1864 1520; x_wconf 80' lang='lat' dir='ltr'><strong>praeferenda</strong></span> <span class='ocrx_word' id='word_1_43' title='bbox 1907 1434 2291 1499; x_wconf 88' lang='lat' dir='ltr'><strong>crediderint</strong></span> <span class='ocrx_word' id='word_1_44' title='bbox 2323 1436 2595 1521; x_wconf 84' lang='lat' dir='ltr'><strong>justitiae</strong></span> 
     </span>
     <span class='ocr_line' id='line_1_8' title="bbox 691 1533 2595 1621; baseline -0.001 -20"><span class='ocrx_word' id='word_1_45' title='bbox 691 1536 842 1612; x_wconf 91' lang='lat' dir='ltr'><strong>Dei,</strong></span> <span class='ocrx_word' id='word_1_46' title='bbox 888 1537 1074 1621; x_wconf 87' lang='lat' dir='ltr'><strong>cujus</strong></span> <span class='ocrx_word' id='word_1_47' title='bbox 1112 1535 1392 1621; x_wconf 82' lang='lat' dir='ltr'><strong>justitia,</strong></span> <span class='ocrx_word' id='word_1_48' title='bbox 1437 1534 1695 1619; x_wconf 87' lang='lat' dir='ltr'><strong>justitia</strong></span> <span class='ocrx_word' id='word_1_49' title='bbox 1738 1533 1802 1596; x_wconf 89' lang='lat' dir='ltr'><strong>in</strong></span> <span class='ocrx_word' id='word_1_50' title='bbox 1850 1547 2157 1597; x_wconf 89' lang='lat' dir='ltr'><strong>aeternum</strong></span> <span class='ocrx_word' id='word_1_51' title='bbox 2212 1549 2329 1612; x_wconf 87' lang='lat' dir='ltr'><strong>est,</strong></span> <span class='ocrx_word' id='word_1_52' title='bbox 2375 1550 2437 1600; x_wconf 89' lang='lat' dir='ltr'><strong>et</strong></span> <span class='ocrx_word' id='word_1_53' title='bbox 2491 1537 2595 1600; x_wconf 89' lang='lat' dir='ltr'><strong>lex</strong></span> 
     </span>
     <span class='ocr_line' id='line_1_9' title="bbox 691 1633 2596 1724; baseline -0.001 -23"><span class='ocrx_word' id='word_1_54' title='bbox 691 1638 833 1724; x_wconf 88' lang='lat' dir='ltr'><strong>ejus</strong></span> <span class='ocrx_word' id='word_1_55' title='bbox 862 1636 1154 1722; x_wconf 83' lang='lat' dir='ltr'><strong>aequitas.</strong></span> <span class='ocrx_word' id='word_1_56' title='bbox 1233 1639 1431 1699; x_wconf 89' lang='lat' dir='ltr'><strong>Porro</strong></span> <span class='ocrx_word' id='word_1_57' title='bbox 1461 1634 1755 1718; x_wconf 80' lang='lat' dir='ltr'><strong>aequitaS‚</strong></span> <span class='ocrx_word' id='word_1_58' title='bbox 1778 1645 1850 1697; x_wconf 90' lang='lat' dir='ltr'><strong>ut</strong></span> <span class='ocrx_word' id='word_1_59' title='bbox 1871 1633 2039 1718; x_wconf 87' lang='lat' dir='ltr'><strong>juris</strong></span> <span class='ocrx_word' id='word_1_60' title='bbox 2069 1634 2256 1718; x_wconf 87' lang='lat' dir='ltr'><strong>periti</strong></span> <span class='ocrx_word' id='word_1_61' title='bbox 2280 1650 2596 1716; x_wconf 87' lang='lat' dir='ltr'><strong>asserunt,</strong></span> 
     </span>
     <span class='ocr_line' id='line_1_10' title="bbox 690 1734 2595 1819; baseline -0.001 -18"><span class='ocrx_word' id='word_1_62' title='bbox 690 1761 905 1802; x_wconf 90' lang='lat' dir='ltr'><strong>rerum</strong></span> <span class='ocrx_word' id='word_1_63' title='bbox 952 1737 1388 1802; x_wconf 87' lang='lat' dir='ltr'><strong>convenientia</strong></span> <span class='ocrx_word' id='word_1_64' title='bbox 1433 1747 1549 1809; x_wconf 85' lang='lat' dir='ltr'><strong>est,</strong></span> <span class='ocrx_word' id='word_1_65' title='bbox 1581 1757 1731 1819; x_wconf 88' lang='lat' dir='ltr'><strong>quae</strong></span> <span class='ocrx_word' id='word_1_66' title='bbox 1772 1746 2002 1798; x_wconf 87' lang='lat' dir='ltr'><strong>cuncta</strong></span> <span class='ocrx_word' id='word_1_67' title='bbox 2040 1734 2469 1819; x_wconf 85' lang='lat' dir='ltr'><strong>coaequiparat</strong></span> <span class='ocrx_word' id='word_1_68' title='bbox 2497 1760 2595 1799; x_wconf 89' lang='lat' dir='ltr'><strong>ra-</strong></span> 
     </span>
     <span class='ocr_line' id='line_1_11' title="bbox 693 1834 2592 1921; baseline -0.001 -21"><span class='ocrx_word' id='word_1_69' title='bbox 693 1839 891 1911; x_wconf 90' lang='lat' dir='ltr'><strong>tione,</strong></span> <span class='ocrx_word' id='word_1_70' title='bbox 937 1849 1001 1900; x_wconf 92' lang='lat' dir='ltr'><strong>et</strong></span> <span class='ocrx_word' id='word_1_71' title='bbox 1053 1839 1116 1900; x_wconf 88' lang='lat' dir='ltr'><strong>in</strong></span> <span class='ocrx_word' id='word_1_72' title='bbox 1163 1835 1424 1921; x_wconf 85' lang='lat' dir='ltr'><strong>paribus</strong></span> <span class='ocrx_word' id='word_1_73' title='bbox 1477 1834 1669 1898; x_wconf 87' lang='lat' dir='ltr'><strong>rebus</strong></span> <span class='ocrx_word' id='word_1_74' title='bbox 1715 1837 1891 1918; x_wconf 87' lang='lat' dir='ltr'><strong>paria</strong></span> <span class='ocrx_word' id='word_1_75' title='bbox 1934 1835 2087 1919; x_wconf 89' lang='lat' dir='ltr'><strong>jura</strong></span> <span class='ocrx_word' id='word_1_76' title='bbox 2136 1834 2477 1909; x_wconf 84' lang='lat' dir='ltr'><strong>desiderat,</strong></span> <span class='ocrx_word' id='word_1_77' title='bbox 2529 1836 2592 1899; x_wconf 89' lang='lat' dir='ltr'><strong>in</strong></span> 
     </span>
     <span class='ocr_line' id='line_1_12' title="bbox 693 1933 2593 2021; baseline -0.001 -21"><span class='ocrx_word' id='word_1_78' title='bbox 693 1959 913 2000; x_wconf 89' lang='lat' dir='ltr'><strong>omnes</strong></span> <span class='ocrx_word' id='word_1_79' title='bbox 942 1935 1294 2021; x_wconf 84' lang='lat' dir='ltr'><strong>aequabilis,</strong></span> <span class='ocrx_word' id='word_1_80' title='bbox 1324 1933 1604 1998; x_wconf 87' lang='lat' dir='ltr'><strong>tribuens</strong></span> <span class='ocrx_word' id='word_1_81' title='bbox 1648 1934 1995 2018; x_wconf 89' lang='lat' dir='ltr'><strong>unicuique</strong></span> <span class='ocrx_word' id='word_1_82' title='bbox 2033 1933 2207 2019; x_wconf 92' lang='lat' dir='ltr'><strong>quod</strong></span> <span class='ocrx_word' id='word_1_83' title='bbox 2250 1957 2435 1998; x_wconf 88' lang='lat' dir='ltr'><strong>suum</strong></span> <span class='ocrx_word' id='word_1_84' title='bbox 2480 1951 2593 2000; x_wconf 84' lang='lat' dir='ltr'><strong>est.</strong></span> 
     </span>
     <span class='ocr_line' id='line_1_13' title="bbox 699 2035 2594 2121; baseline 0.001 -21"><span class='ocrx_word' id='word_1_85' title='bbox 699 2035 831 2100; x_wconf 86' lang='lat' dir='ltr'><strong>Lex</strong></span> <span class='ocrx_word' id='word_1_86' title='bbox 879 2059 1028 2099; x_wconf 85' lang='lat' dir='ltr'><strong>vero</strong></span> <span class='ocrx_word' id='word_1_87' title='bbox 1065 2038 1205 2121; x_wconf 90' lang='lat' dir='ltr'><strong>ejus</strong></span> <span class='ocrx_word' id='word_1_88' title='bbox 1242 2035 1553 2120; x_wconf 85' lang='lat' dir='ltr'><strong>interpres</strong></span> <span class='ocrx_word' id='word_1_89' title='bbox 1597 2047 1714 2112; x_wconf 83' lang='lat' dir='ltr'><strong>est,</strong></span> <span class='ocrx_word' id='word_1_90' title='bbox 1750 2047 1974 2117; x_wconf 88' lang='lat' dir='ltr'><strong>utpote</strong></span> <span class='ocrx_word' id='word_1_91' title='bbox 2018 2035 2122 2098; x_wconf 90' lang='lat' dir='ltr'><strong>cui</strong></span> <span class='ocrx_word' id='word_1_92' title='bbox 2170 2037 2493 2121; x_wconf 82' lang='lat' dir='ltr'><strong>aequitatis</strong></span> <span class='ocrx_word' id='word_1_93' title='bbox 2531 2051 2594 2102; x_wconf 89' lang='lat' dir='ltr'><strong>et</strong></span> 
     </span>
     <span class='ocr_line' id='line_1_14' title="bbox 687 2134 2595 2223; baseline 0.001 -22"><span class='ocrx_word' id='word_1_94' title='bbox 687 2136 962 2223; x_wconf 84' lang='lat' dir='ltr'><strong>justitiae</strong></span> <span class='ocrx_word' id='word_1_95' title='bbox 1019 2136 1313 2200; x_wconf 82' lang='lat' dir='ltr'><strong>voluntas</strong></span> <span class='ocrx_word' id='word_1_96' title='bbox 1370 2134 1668 2198; x_wconf 89' lang='lat' dir='ltr'><strong>innotuit.</strong></span> <span class='ocrx_word' id='word_1_97' title='bbox 1770 2134 1963 2198; x_wconf 88' lang='lat' dir='ltr'><strong>Unde</strong></span> <span class='ocrx_word' id='word_1_98' title='bbox 2009 2148 2072 2199; x_wconf 90' lang='lat' dir='ltr'><strong>et</strong></span> <span class='ocrx_word' id='word_1_99' title='bbox 2124 2159 2261 2199; x_wconf 92' lang='lat' dir='ltr'><strong>eam</strong></span> <span class='ocrx_word' id='word_1_100' title='bbox 2311 2139 2595 2202; x_wconf 89' lang='lat' dir='ltr'><strong>omnium</strong></span> 
     </span>
     <span class='ocr_line' id='line_1_15' title="bbox 699 2235 2596 2322; baseline 0.002 -21"><span class='ocrx_word' id='word_1_101' title='bbox 699 2260 938 2315; x_wconf 89' lang='lat' dir='ltr'><strong>rerum,</strong></span> <span class='ocrx_word' id='word_1_102' title='bbox 999 2237 1357 2300; x_wconf 88' lang='lat' dir='ltr'><strong>divinarum</strong></span> <span class='ocrx_word' id='word_1_103' title='bbox 1421 2248 1483 2299; x_wconf 90' lang='lat' dir='ltr'><strong>et</strong></span> <span class='ocrx_word' id='word_1_104' title='bbox 1543 2235 1988 2313; x_wconf 83' lang='lat' dir='ltr'><strong>humanarum,</strong></span> <span class='ocrx_word' id='word_1_105' title='bbox 2049 2251 2403 2322; x_wconf 91' lang='lat' dir='ltr'><strong>compotem</strong></span> <span class='ocrx_word' id='word_1_106' title='bbox 2463 2263 2596 2304; x_wconf 84' lang='lat' dir='ltr'><strong>esse</strong></span> 
     </span>
     <span class='ocr_line' id='line_1_16' title="bbox 704 2336 2596 2424; baseline 0.001 -21"><span class='ocrx_word' id='word_1_107' title='bbox 704 2338 1107 2424; x_wconf 87' lang='lat' dir='ltr'><strong>Chrysippus</strong></span> <span class='ocrx_word' id='word_1_108' title='bbox 1179 2337 1483 2401; x_wconf 83' lang='lat' dir='ltr'><strong>asseruit:</strong></span> <span class='ocrx_word' id='word_1_109' title='bbox 1578 2336 1863 2421; x_wconf 85' lang='lat' dir='ltr'><strong>Ideoque</strong></span> <span class='ocrx_word' id='word_1_110' title='bbox 1933 2356 2233 2424; x_wconf 86' lang='lat' dir='ltr'><strong>praestare</strong></span> <span class='ocrx_word' id='word_1_111' title='bbox 2302 2342 2596 2406; x_wconf 89' lang='lat' dir='ltr'><strong>omnibus</strong></span> 
     </span>
     <span class='ocr_line' id='line_1_17' title="bbox 699 2438 2594 2527; baseline 0.002 -24"><span class='ocrx_word' id='word_1_112' title='bbox 699 2439 881 2504; x_wconf 86' lang='lat' dir='ltr'><strong>bonis</strong></span> <span class='ocrx_word' id='word_1_113' title='bbox 920 2452 982 2503; x_wconf 92' lang='lat' dir='ltr'><strong>et</strong></span> <span class='ocrx_word' id='word_1_114' title='bbox 1024 2438 1228 2516; x_wconf 79' lang='lat' dir='ltr'><strong>maliS,</strong></span> <span class='ocrx_word' id='word_1_115' title='bbox 1268 2451 1330 2502; x_wconf 90' lang='lat' dir='ltr'><strong>et</strong></span> <span class='ocrx_word' id='word_1_116' title='bbox 1373 2450 1497 2502; x_wconf 89' lang='lat' dir='ltr'><strong>tam</strong></span> <span class='ocrx_word' id='word_1_117' title='bbox 1542 2459 1751 2500; x_wconf 90' lang='lat' dir='ltr'><strong>rerum</strong></span> <span class='ocrx_word' id='word_1_118' title='bbox 1796 2460 1987 2521; x_wconf 89' lang='lat' dir='ltr'><strong>quam</strong></span> <span class='ocrx_word' id='word_1_119' title='bbox 2033 2439 2383 2521; x_wconf 88' lang='lat' dir='ltr'><strong>hominum,</strong></span> <span class='ocrx_word' id='word_1_120' title='bbox 2424 2446 2594 2527; x_wconf 86' lang='lat' dir='ltr'><strong>prin-</strong></span> 
     </span>
     <span class='ocr_line' id='line_1_18' title="bbox 701 2537 2596 2625; baseline 0.002 -21"><span class='ocrx_word' id='word_1_121' title='bbox 701 2539 905 2625; x_wconf 87' lang='lat' dir='ltr'><strong>cipem</strong></span> <span class='ocrx_word' id='word_1_122' title='bbox 949 2552 1011 2602; x_wconf 89' lang='lat' dir='ltr'><strong>et</strong></span> <span class='ocrx_word' id='word_1_123' title='bbox 1056 2540 1280 2603; x_wconf 90' lang='lat' dir='ltr'><strong>ducem</strong></span> <span class='ocrx_word' id='word_1_124' title='bbox 1329 2561 1482 2602; x_wconf 88' lang='lat' dir='ltr'><strong>esse.</strong></span> <span class='ocrx_word' id='word_1_125' title='bbox 1573 2537 1698 2601; x_wconf 87' lang='lat' dir='ltr'><strong>Cui</strong></span> <span class='ocrx_word' id='word_1_126' title='bbox 1746 2538 2151 2621; x_wconf 79' lang='lat' dir='ltr'><strong>PapinianuS,</strong></span> <span class='ocrx_word' id='word_1_127' title='bbox 2195 2541 2291 2602; x_wconf 88' lang='lat' dir='ltr'><strong>vir</strong></span> <span class='ocrx_word' id='word_1_128' title='bbox 2337 2543 2596 2625; x_wconf 89' lang='lat' dir='ltr'><strong>quidem</strong></span> 
     </span>
     <span class='ocr_line' id='line_1_19' title="bbox 695 2637 2599 2726; baseline 0.001 -23"><span class='ocrx_word' id='word_1_129' title='bbox 695 2639 862 2725; x_wconf 87' lang='lat' dir='ltr'><strong>juris</strong></span> <span class='ocrx_word' id='word_1_130' title='bbox 906 2638 1508 2725; x_wconf 57' lang='lat' dir='ltr'><strong>experientissimum,</strong></span> <span class='ocrx_word' id='word_1_131' title='bbox 1551 2649 1613 2700; x_wconf 89' lang='lat' dir='ltr'><strong>et</strong></span> <span class='ocrx_word' id='word_1_132' title='bbox 1662 2637 2142 2712; x_wconf 79' lang='lat' dir='ltr'><strong>DemostheneS‚</strong></span> <span class='ocrx_word' id='word_1_133' title='bbox 2181 2652 2395 2702; x_wconf 90' lang='lat' dir='ltr'><strong>orator</strong></span> <span class='ocrx_word' id='word_1_134' title='bbox 2437 2664 2599 2726; x_wconf 87' lang='lat' dir='ltr'><strong>prae-</strong></span> 
     </span>
     <span class='ocr_line' id='line_1_20' title="bbox 699 2735 2603 2827; baseline 0.001 -25"><span class='ocrx_word' id='word_1_135' title='bbox 699 2752 950 2827; x_wconf 69' lang='lat' dir='ltr'><strong>potem,</strong></span> <span class='ocrx_word' id='word_1_136' title='bbox 971 2739 1269 2802; x_wconf 85' lang='lat' dir='ltr'><strong>videntur</strong></span> <span class='ocrx_word' id='word_1_137' title='bbox 1300 2736 1652 2821; x_wconf 86' lang='lat' dir='ltr'><strong>suffragari,</strong></span> <span class='ocrx_word' id='word_1_138' title='bbox 1686 2749 1750 2799; x_wconf 92' lang='lat' dir='ltr'><strong>et</strong></span> <span class='ocrx_word' id='word_1_139' title='bbox 1778 2736 2060 2798; x_wconf 88' lang='lat' dir='ltr'><strong>omnium</strong></span> <span class='ocrx_word' id='word_1_140' title='bbox 2091 2735 2416 2801; x_wconf 88' lang='lat' dir='ltr'><strong>hominum</strong></span> <span class='ocrx_word' id='word_1_141' title='bbox 2450 2742 2603 2804; x_wconf 89' lang='lat' dir='ltr'><strong>sub-</strong></span> 
     </span>
     <span class='ocr_line' id='line_1_21' title="bbox 689 2835 2599 2925; baseline -0.001 -21"><span class='ocrx_word' id='word_1_142' title='bbox 689 2841 889 2925; x_wconf 88' lang='lat' dir='ltr'><strong>jicere</strong></span> <span class='ocrx_word' id='word_1_143' title='bbox 917 2839 1364 2914; x_wconf 86' lang='lat' dir='ltr'><strong>obedientiam,</strong></span> <span class='ocrx_word' id='word_1_144' title='bbox 1389 2861 1462 2900; x_wconf 90' lang='lat' dir='ltr'><strong>eo</strong></span> <span class='ocrx_word' id='word_1_145' title='bbox 1481 2837 1651 2921; x_wconf 90' lang='lat' dir='ltr'><strong>quod</strong></span> <span class='ocrx_word' id='word_1_146' title='bbox 1688 2837 1788 2900; x_wconf 89' lang='lat' dir='ltr'><strong>lex</strong></span> <span class='ocrx_word' id='word_1_147' title='bbox 1812 2835 2014 2899; x_wconf 85' lang='lat' dir='ltr'><strong>omnis</strong></span> <span class='ocrx_word' id='word_1_148' title='bbox 2039 2838 2316 2901; x_wconf 91' lang='lat' dir='ltr'><strong>inventio</strong></span> <span class='ocrx_word' id='word_1_149' title='bbox 2338 2840 2599 2925; x_wconf 87' lang='lat' dir='ltr'><strong>quidem</strong></span> 
     </span>
     <span class='ocr_line' id='line_1_22' title="bbox 699 2936 2602 3023; baseline 0.001 -19"><span class='ocrx_word' id='word_1_150' title='bbox 699 2955 819 3020; x_wconf 89' lang='lat' dir='ltr'><strong>est,</strong></span> <span class='ocrx_word' id='word_1_151' title='bbox 863 2954 926 3004; x_wconf 92' lang='lat' dir='ltr'><strong>et</strong></span> <span class='ocrx_word' id='word_1_152' title='bbox 973 2942 1211 3003; x_wconf 89' lang='lat' dir='ltr'><strong>donum</strong></span> <span class='ocrx_word' id='word_1_153' title='bbox 1261 2939 1408 3013; x_wconf 91' lang='lat' dir='ltr'><strong>Dei,</strong></span> <span class='ocrx_word' id='word_1_154' title='bbox 1454 2936 1685 3017; x_wconf 85' lang='lat' dir='ltr'><strong>dogma</strong></span> <span class='ocrx_word' id='word_1_155' title='bbox 1729 2938 2111 3023; x_wconf 86' lang='lat' dir='ltr'><strong>sapientum,</strong></span> <span class='ocrx_word' id='word_1_156' title='bbox 2154 2944 2458 3005; x_wconf 89' lang='lat' dir='ltr'><strong>correctio</strong></span> <span class='ocrx_word' id='word_1_157' title='bbox 2492 2966 2602 3006; x_wconf 93' lang='lat' dir='ltr'><strong>vo-</strong></span> 
     </span>
     <span class='ocr_line' id='line_1_23' title="bbox 701 3038 2604 3124; baseline 0.001 -18"><span class='ocrx_word' id='word_1_158' title='bbox 701 3041 1127 3106; x_wconf 83' lang='lat' dir='ltr'><strong>luntariorum</strong></span> <span class='ocrx_word' id='word_1_159' title='bbox 1156 3061 1551 3113; x_wconf 87' lang='lat' dir='ltr'><strong>excessuum,</strong></span> <span class='ocrx_word' id='word_1_160' title='bbox 1583 3038 1857 3102; x_wconf 87' lang='lat' dir='ltr'><strong>civitatis</strong></span> <span class='ocrx_word' id='word_1_161' title='bbox 1887 3043 2280 3124; x_wconf 88' lang='lat' dir='ltr'><strong>compositi0‚</strong></span> <span class='ocrx_word' id='word_1_162' title='bbox 2312 3054 2375 3104; x_wconf 90' lang='lat' dir='ltr'><strong>et</strong></span> <span class='ocrx_word' id='word_1_163' title='bbox 2408 3043 2604 3107; x_wconf 90' lang='lat' dir='ltr'><strong>totius</strong></span> 
     </span>
     <span class='ocr_line' id='line_1_24' title="bbox 700 3138 2606 3226; baseline 0.001 -19"><span class='ocrx_word' id='word_1_164' title='bbox 700 3141 988 3208; x_wconf 87' lang='lat' dir='ltr'><strong>criminis</strong></span> <span class='ocrx_word' id='word_1_165' title='bbox 1016 3140 1205 3224; x_wconf 86' lang='lat' dir='ltr'><strong>fuga;</strong></span> <span class='ocrx_word' id='word_1_166' title='bbox 1277 3140 1621 3203; x_wconf 89' lang='lat' dir='ltr'><strong>secundum</strong></span> <span class='ocrx_word' id='word_1_167' title='bbox 1666 3161 1854 3225; x_wconf 88' lang='lat' dir='ltr'><strong>quam</strong></span> <span class='ocrx_word' id='word_1_168' title='bbox 1897 3138 2075 3203; x_wconf 89' lang='lat' dir='ltr'><strong>decet</strong></span> <span class='ocrx_word' id='word_1_169' title='bbox 2122 3143 2334 3203; x_wconf 85' lang='lat' dir='ltr'><strong>vivere</strong></span> <span class='ocrx_word' id='word_1_170' title='bbox 2369 3165 2606 3226; x_wconf 88' lang='lat' dir='ltr'><strong>omnes,</strong></span> 
     </span>
     <span class='ocr_line' id='line_1_25' title="bbox 701 3240 2609 3331; baseline 0.001 -23"><span class='ocrx_word' id='word_1_171' title='bbox 701 3244 901 3331; x_wconf 89' lang='lat' dir='ltr'><strong>quiin</strong></span> <span class='ocrx_word' id='word_1_172' title='bbox 922 3240 1196 3326; x_wconf 88' lang='lat' dir='ltr'><strong>politicae</strong></span> <span class='ocrx_word' id='word_1_173' title='bbox 1214 3241 1306 3303; x_wconf 83' lang='lat' dir='ltr'><strong>rei</strong></span> <span class='ocrx_word' id='word_1_174' title='bbox 1330 3241 1737 3304; x_wconf 86' lang='lat' dir='ltr'><strong>universitate</strong></span> <span class='ocrx_word' id='word_1_175' title='bbox 1757 3254 2104 3306; x_wconf 87' lang='lat' dir='ltr'><strong>versantur.</strong></span> <span class='ocrx_word' id='word_1_176' title='bbox 2139 3242 2374 3307; x_wconf 87' lang='lat' dir='ltr'><strong>Omnes</strong></span> <span class='ocrx_word' id='word_1_177' title='bbox 2392 3247 2609 3331; x_wconf 88' lang='lat' dir='ltr'><strong>itaque</strong></span> 
     </span>
     <span class='ocr_line' id='line_1_26' title="bbox 702 3342 2606 3426; baseline -0.001 -16"><span class='ocrx_word' id='word_1_178' title='bbox 702 3345 1076 3410; x_wconf 82' lang='lat' dir='ltr'><strong>necessitate</strong></span> <span class='ocrx_word' id='word_1_179' title='bbox 1088 3342 1586 3426; x_wconf 82' lang='lat' dir='ltr'><strong>legisservandae</strong></span> <span class='ocrx_word' id='word_1_180' title='bbox 1604 3342 1973 3405; x_wconf 87' lang='lat' dir='ltr'><strong>necessitate</strong></span> <span class='ocrx_word' id='word_1_181' title='bbox 1987 3353 2279 3406; x_wconf 87' lang='lat' dir='ltr'><strong>tenentur</strong></span> <span class='ocrx_word' id='word_1_182' title='bbox 2297 3344 2606 3425; x_wconf 87' lang='lat' dir='ltr'><strong>adstricti,</strong></span> 
     </span>
     <span class='ocr_line' id='line_1_27' title="bbox 704 3441 2607 3528; baseline 0.002 -20"><span class='ocrx_word' id='word_1_183' title='bbox 704 3445 824 3510; x_wconf 86' lang='lat' dir='ltr'><strong>nisi</strong></span> <span class='ocrx_word' id='word_1_184' title='bbox 857 3445 1024 3508; x_wconf 85' lang='lat' dir='ltr'><strong>forte</strong></span> <span class='ocrx_word' id='word_1_185' title='bbox 1067 3442 1301 3528; x_wconf 90' lang='lat' dir='ltr'><strong>aliquis</strong></span> <span class='ocrx_word' id='word_1_186' title='bbox 1342 3442 1446 3521; x_wconf 90' lang='lat' dir='ltr'><strong>sit,</strong></span> <span class='ocrx_word' id='word_1_187' title='bbox 1475 3441 1578 3505; x_wconf 89' lang='lat' dir='ltr'><strong>cui</strong></span> <span class='ocrx_word' id='word_1_188' title='bbox 1622 3441 1980 3527; x_wconf 87' lang='lat' dir='ltr'><strong>iniquitatis</strong></span> <span class='ocrx_word' id='word_1_189' title='bbox 2020 3442 2270 3508; x_wconf 81' lang='lat' dir='ltr'><strong>licentia</strong></span> <span class='ocrx_word' id='word_1_190' title='bbox 2313 3446 2607 3512; x_wconf 87' lang='lat' dir='ltr'><strong>videatur</strong></span> 
     </span>
     <span class='ocr_line' id='line_1_28' title="bbox 706 3544 2607 3629; baseline 0.003 -19"><span class='ocrx_word' id='word_1_191' title='bbox 706 3547 975 3612; x_wconf 86' lang='lat' dir='ltr'><strong>indulta.</strong></span> <span class='ocrx_word' id='word_1_192' title='bbox 1055 3545 1359 3629; x_wconf 88' lang='lat' dir='ltr'><strong>Princeps</strong></span> <span class='ocrx_word' id='word_1_193' title='bbox 1401 3557 1608 3607; x_wconf 88' lang='lat' dir='ltr'><strong>tamen</strong></span> <span class='ocrx_word' id='word_1_194' title='bbox 1651 3544 1808 3628; x_wconf 87' lang='lat' dir='ltr'><strong>legis</strong></span> <span class='ocrx_word' id='word_1_195' title='bbox 1848 3544 2123 3609; x_wconf 86' lang='lat' dir='ltr'><strong>nexibus</strong></span> <span class='ocrx_word' id='word_1_196' title='bbox 2158 3545 2396 3613; x_wconf 89' lang='lat' dir='ltr'><strong>dicitur</strong></span> <span class='ocrx_word' id='word_1_197' title='bbox 2424 3552 2607 3615; x_wconf 91' lang='lat' dir='ltr'><strong>abso-</strong></span> 
     </span>
     <span class='ocr_line' id='line_1_29' title="bbox 710 3645 2608 3733; baseline 0.002 -21"><span class='ocrx_word' id='word_1_198' title='bbox 710 3649 915 3724; x_wconf 80' lang='lat' dir='ltr'><strong>lutuS,</strong></span> <span class='ocrx_word' id='word_1_199' title='bbox 937 3670 1062 3710; x_wconf 90' lang='lat' dir='ltr'><strong>non</strong></span> <span class='ocrx_word' id='word_1_200' title='bbox 1089 3647 1239 3732; x_wconf 90' lang='lat' dir='ltr'><strong>quia</strong></span> <span class='ocrx_word' id='word_1_201' title='bbox 1260 3645 1317 3708; x_wconf 86' lang='lat' dir='ltr'><strong>ei</strong></span> <span class='ocrx_word' id='word_1_202' title='bbox 1340 3645 1564 3730; x_wconf 87' lang='lat' dir='ltr'><strong>iniqua</strong></span> <span class='ocrx_word' id='word_1_203' title='bbox 1587 3645 1836 3720; x_wconf 88' lang='lat' dir='ltr'><strong>liceant,</strong></span> <span class='ocrx_word' id='word_1_204' title='bbox 1857 3645 1963 3708; x_wconf 90' lang='lat' dir='ltr'><strong>sed</strong></span> <span class='ocrx_word' id='word_1_205' title='bbox 1990 3647 2146 3731; x_wconf 91' lang='lat' dir='ltr'><strong>quia</strong></span> <span class='ocrx_word' id='word_1_206' title='bbox 2174 3646 2227 3710; x_wconf 87' lang='lat' dir='ltr'><strong>is</strong></span> <span class='ocrx_word' id='word_1_207' title='bbox 2244 3671 2376 3713; x_wconf 91' lang='lat' dir='ltr'><strong>esse</strong></span> <span class='ocrx_word' id='word_1_208' title='bbox 2394 3650 2608 3733; x_wconf 87' lang='lat' dir='ltr'><strong>debet,</strong></span> 
     </span>
     <span class='ocr_line' id='line_1_30' title="bbox 710 3746 2604 3836; baseline 0.002 -24"><span class='ocrx_word' id='word_1_209' title='bbox 710 3750 819 3834; x_wconf 87' lang='lat' dir='ltr'><strong>qui</strong></span> <span class='ocrx_word' id='word_1_210' title='bbox 849 3771 973 3811; x_wconf 90' lang='lat' dir='ltr'><strong>non</strong></span> <span class='ocrx_word' id='word_1_211' title='bbox 1005 3747 1228 3810; x_wconf 84' lang='lat' dir='ltr'><strong>timore</strong></span> <span class='ocrx_word' id='word_1_212' title='bbox 1257 3763 1484 3832; x_wconf 84' lang='lat' dir='ltr'><strong>poenae,</strong></span> <span class='ocrx_word' id='word_1_213' title='bbox 1517 3746 1624 3809; x_wconf 90' lang='lat' dir='ltr'><strong>sed</strong></span> <span class='ocrx_word' id='word_1_214' title='bbox 1671 3769 1882 3809; x_wconf 88' lang='lat' dir='ltr'><strong>amore</strong></span> <span class='ocrx_word' id='word_1_215' title='bbox 1916 3746 2193 3832; x_wconf 86' lang='lat' dir='ltr'><strong>justitiae</strong></span> <span class='ocrx_word' id='word_1_216' title='bbox 2238 3754 2604 3836; x_wconf 84' lang='lat' dir='ltr'><strong>aequitatem</strong></span> 
     </span>
     <span class='ocr_line' id='line_1_31' title="bbox 709 3844 2605 3961; baseline 0.001 -47"><span class='ocrx_word' id='word_1_217' title='bbox 709 3851 896 3932; x_wconf 82' lang='lat' dir='ltr'><strong>colat,</strong></span> <span class='ocrx_word' id='word_1_218' title='bbox 926 3849 1294 3934; x_wconf 84' lang='lat' dir='ltr'><strong>reipublicae</strong></span> <span class='ocrx_word' id='word_1_219' title='bbox 1334 3861 1636 3961; x_wconf 68' lang='lat' dir='ltr'><strong>procuret</strong></span> <span class='ocrx_word' id='word_1_220' title='bbox 1687 3844 2051 3928; x_wconf 89' lang='lat' dir='ltr'><strong>utilitatem,</strong></span> <span class='ocrx_word' id='word_1_221' title='bbox 2080 3861 2144 3913; x_wconf 89' lang='lat' dir='ltr'><strong>et</strong></span> <span class='ocrx_word' id='word_1_222' title='bbox 2184 3848 2248 3912; x_wconf 89' lang='lat' dir='ltr'><strong>in</strong></span> <span class='ocrx_word' id='word_1_223' title='bbox 2289 3852 2605 3924; x_wconf 84' lang='lat' dir='ltr'><strong>omnibus,</strong></span> 
     </span>
     <span class='ocr_line' id='line_1_32' title="bbox 712 3947 2604 4034; baseline 0.001 -20"><span class='ocrx_word' id='word_1_224' title='bbox 712 3949 977 4014; x_wconf 89' lang='lat' dir='ltr'><strong>aliorum</strong></span> <span class='ocrx_word' id='word_1_225' title='bbox 1025 3948 1356 4012; x_wconf 86' lang='lat' dir='ltr'><strong>commoda</strong></span> <span class='ocrx_word' id='word_1_226' title='bbox 1399 3947 1666 4034; x_wconf 85' lang='lat' dir='ltr'><strong>privatae</strong></span> <span class='ocrx_word' id='word_1_227' title='bbox 1706 3949 2003 4033; x_wconf 86' lang='lat' dir='ltr'><strong>praeferat</strong></span> <span class='ocrx_word' id='word_1_228' title='bbox 2050 3949 2387 4016; x_wconf 83' lang='lat' dir='ltr'><strong>voluntati.</strong></span> <span class='ocrx_word' id='word_1_229' title='bbox 2478 3954 2604 4018; x_wconf 89' lang='lat' dir='ltr'><strong>Sed</strong></span> 
     </span>
    </p>
   </div>
   <div class='ocr_carea' id='block_1_3' title="bbox 715 4049 2609 4238">
    <p class='ocr_par' dir='ltr' id='par_1_4' title="bbox 715 4049 2609 4238">
     <span class='ocr_line' id='line_1_33' title="bbox 715 4049 2609 4166; baseline -0.001 -51"><span class='ocrx_word' id='word_1_230' title='bbox 715 4053 860 4136; x_wconf 87' lang='lat' dir='ltr'><strong>quis</strong></span> <span class='ocrx_word' id='word_1_231' title='bbox 888 4052 954 4115; x_wconf 91' lang='lat' dir='ltr'><strong>in</strong></span> <span class='ocrx_word' id='word_1_232' title='bbox 987 4049 1254 4134; x_wconf 86' lang='lat' dir='ltr'><strong>negotiis</strong></span> <span class='ocrx_word' id='word_1_233' title='bbox 1284 4050 1556 4135; x_wconf 70' lang='lat' dir='ltr'><strong>publicis</strong></span> <span class='ocrx_word' id='word_1_234' title='bbox 1592 4050 1892 4134; x_wconf 68' lang='lat' dir='ltr'><strong>loquetur</strong></span> <span class='ocrx_word' id='word_1_235' title='bbox 1924 4054 2004 4118; x_wconf 75' lang='lat' dir='ltr'><strong>de</strong></span> <span class='ocrx_word' id='word_1_236' title='bbox 2052 4054 2357 4166; x_wconf 76' lang='lat' dir='ltr'><strong>principis</strong></span> <span class='ocrx_word' id='word_1_237' title='bbox 2389 4054 2609 4114; x_wconf 66' lang='lat' dir='ltr'><strong>vulun-</strong></span> 
     </span>
     <span class='ocr_line' id='line_1_34' title="bbox 716 4149 2212 4238; baseline 0.002 -23"><span class='ocrx_word' id='word_1_238' title='bbox 716 4166 868 4228; x_wconf 88' lang='lat' dir='ltr'><strong>tate,</strong></span> <span class='ocrx_word' id='word_1_239' title='bbox 892 4172 1094 4236; x_wconf 90' lang='lat' dir='ltr'><strong>quum</strong></span> <span class='ocrx_word' id='word_1_240' title='bbox 1127 4149 1190 4213; x_wconf 89' lang='lat' dir='ltr'><strong>in</strong></span> <span class='ocrx_word' id='word_1_241' title='bbox 1221 4149 1309 4212; x_wconf 86' lang='lat' dir='ltr'><strong>eis</strong></span> <span class='ocrx_word' id='word_1_242' title='bbox 1338 4149 1425 4213; x_wconf 87' lang='lat' dir='ltr'><strong>nil</strong></span> <span class='ocrx_word' id='word_1_243' title='bbox 1449 4150 1568 4214; x_wconf 70' lang='lat' dir='ltr'><strong>sibi</strong></span> <span class='ocrx_word' id='word_1_244' title='bbox 1604 4150 1760 4214; x_wconf 69' lang='lat' dir='ltr'><strong>vesse</strong></span> <span class='ocrx_word' id='word_1_245' title='bbox 1784 4150 1989 4228; x_wconf 73' lang='lat' dir='ltr'><strong>liceat,</strong></span> <span class='ocrx_word' id='word_1_246' title='bbox 2016 4153 2136 4214; x_wconf 75' lang='lat' dir='ltr'><strong>uisi</strong></span> <span class='ocrx_word' id='word_1_247' title='bbox 2164 4170 2212 4238; x_wconf 83' lang='lat' dir='ltr'><strong>q</strong></span> 
     </span>
    </p>
   </div>
   <div class='ocr_carea' id='block_1_4' title="bbox 2172 4142 3018 4834">
    <p class='ocr_par' dir='ltr' id='par_1_5' title="bbox 2172 4142 3018 4834">
     <span class='ocr_line' id='line_1_35' title="bbox 2172 4142 3018 4834; baseline 0 -552"><span class='ocrx_word' id='word_1_248' title='bbox 2172 4142 3018 4834; x_wconf 95' lang='lat' dir='ltr'><strong>  </strong></span> 
     </span>
    </p>
   </div>
   <div class='ocr_carea' id='block_1_5' title="bbox 715 4246 2377 4338">
    <p class='ocr_par' dir='ltr' id='par_1_6' title="bbox 715 4246 2445 4338">
     <span class='ocr_line' id='line_1_36' title="bbox 715 4246 2377 4338; baseline 0 -22"><span class='ocrx_word' id='word_1_249' title='bbox 715 4254 991 4338; x_wconf 86' lang='lat' dir='ltr'><strong>aequitas</strong></span> <span class='ocrx_word' id='word_1_250' title='bbox 1033 4250 1400 4336; x_wconf 87' lang='lat' dir='ltr'><strong>persuadet,</strong></span> <span class='ocrx_word' id='word_1_251' title='bbox 1443 4266 1552 4315; x_wconf 82' lang='lat' dir='ltr'><strong>aut</strong></span> <span class='ocrx_word' id='word_1_252' title='bbox 1592 4254 1752 4314; x_wconf 69' lang='lat' dir='ltr'><strong>ratio</strong></span> <span class='ocrx_word' id='word_1_253' title='bbox 1784 4250 2136 4314; x_wconf 67' lang='lat' dir='ltr'><strong>eommunis</strong></span> <span class='ocrx_word' id='word_1_254' title='bbox 2192 4246 2377 4318; x_wconf 66' lang='grc' dir='ltr'>*“-’·Ξῖ’ὶ.</span> 
     </span>
    </p>
   </div>
  </div>
 </body>
</html>
