3309 5309
356 627 397 685 72
618 636 753 682 cosmus
770 636 1049 682 sannsauurnusrs
1173 619 1258 700 [urs.
1278 639 1317 684 11.

356 787 608 875 praetendebant,
626 802 662 853 ut
677 788 708 851 in
725 811 756 852 sc
772 812 901 875 quoque
922 789 1065 854 beneficii
1085 778 1167 870 loco,
1181 812 1316 854 conver-

358 904 461 954 terent
484 890 595 967 scelus,
613 914 678 976 quo
700 890 817 954 scilicet
840 891 1034 956 cruciatibus
1058 891 1151 956 famis
1172 890 1315 954 velocius

357 993 616 1067 absolverentur;
648 991 702 1055 sed
727 1014 809 1055 novo
833 992 1032 1058 crudelitatis
1056 1015 1181 1078 genere,
1203 1015 1313 1057 necem

357 1117 454 1180 quam
493 1108 605 1181 sponte
634 1094 822 1170 inferebant,
854 1095 879 1157 si
910 1110 1112 1178 rogarentur,
1140 1095 1313 1181 negabant.

357 1199 466 1271 Quum
490 1217 596 1262 tamen
620 1197 843 1283 unusquisque
862 1196 1077 1262 deficientium
1095 1221 1168 1263 cum
1187 1198 1312 1283 gemitu

356 1313 555 1386 retorqueret
570 1300 677 1365 oculos
692 1299 731 1363 ad
749 1299 916 1385 templum,
933 1322 995 1363 non
1012 1299 1052 1364 dc
1067 1312 1166 1365 morte
1182 1301 1314 1387 propria

356 1403 477 1480 dolens,
503 1402 556 1466 sed
584 1402 624 1465 de
650 1401 841 1488 impunitate
866 1401 1066 1488 praedonum,
1094 1425 1176 1487 quos
1201 1425 1313 1488 super·

356 1509 446 1571 stites
461 1507 690 1591 relinquebant.
738 1506 782 1568 Et
801 1504 905 1589 primo
929 1503 1058 1590 quidem
1076 1523 1207 1591 sumptu
1227 1504 1311 1590 pub

356 1608 427 1686 lico,
445 1609 576 1695 sepelire
598 1621 741 1690 mortuos
759 1609 933 1693 jusserant,
953 1606 1077 1671 foetoris
1098 1605 1311 1672 intolerantia.

358 1714 403 1777 Ut
431 1736 505 1777 vero
531 1736 653 1778 omnem
686 1725 827 1776 sumtum
855 1714 954 1797 coepit
980 1713 1104 1774 vincere
1134 1708 1312 1774 multitudo

354 1815 567 1892 morientium,
594 1814 634 1878 de
660 1837 751 1879 muro
778 1813 933 1877 cadavera
962 1811 1216 1899 praecipitabant.
1267 1817 1311 1877 At

354 1941 453 2003 quum
465 1919 563 1983 Titus
573 1916 760 1981 circumiens
771 1914 955 2000 pervidisset
966 1914 1101 2001 repletas
1111 1926 1308 1979 mortuorum

353 2019 560 2083 cadaveribus
582 2018 687 2093 valles,
705 2031 736 2082 et
760 2017 890 2081 humani
914 2020 1053 2103 corporis
1075 2016 1150 2080 tabo
1172 2015 1309 2102 patriam

352 2133 469 2185 terram
486 2119 595 2206 rigari,
611 2142 682 2184 cum
700 2119 820 2203 ingenti
836 2119 971 2203 gemitu,
987 2119 1117 2184 elevatis
1131 2119 1171 2183 ad
1191 2119 1309 2184 coelum

354 2221 519 2284 manibus:
553 2224 657 2284 Deum
681 2221 810 2284 invocat
833 2232 957 2300 testem,
974 2219 1032 2284 boc
1055 2223 1104 2285 sui
1127 2244 1223 2285 causa
1245 2243 1308 2286 non

352 2325 530 2407 provenire,
558 2323 613 2385 sed
640 2345 671 2384 se
696 2322 758 2384 ista
784 2321 937 2384 sustinere
963 2321 1110 2385 invitum.
1164 2323 1209 2386 Et
1234 2336 1308 2409 post

352 2423 519 2508 aliquanta
534 2426 649 2488 iterum
663 2423 685 2485 J
687 2422 825 2508 osephus
838 2422 913 2486 talia
929 2422 1076 2508 quaedam
1095 2424 1309 2510 prosequitur.

356 2524 426 2588 Non
439 2525 621 2604 cunctabor,
632 2525 750 2611 inquit,
762 2525 905 2610 prolerre
917 2526 1002 2610 quod
1016 2526 1127 2590 santio.
1158 2528 1308 2592 Arbitror

353 2631 435 2695 enim
460 2630 547 2717 quod
564 2631 671 2710 etiam,
687 2629 711 2692 si
735 2629 885 2693 adversus
900 2628 1014 2715 impios
1036 2630 1132 2706 cives,
1148 2633 1309 2695 Romano-

351 2756 421 2799 rum
443 2733 605 2820 paulisper
628 2755 715 2795 arma
737 2745 919 2808 cessassent,
935 2744 991 2795 aut
1015 2732 1104 2797 hiatu
1128 2745 1233 2808 terrac,
1250 2748 1309 2799 aut

352 2858 445 2919 aquoe
460 2832 593 2914 diluvio,
608 2848 664 2898 aut
680 2832 896 2898 Sodomitanis
912 2834 1053 2919 ignibus,
1070 2847 1102 2898 et
1117 2833 1307 2899 fulminibus

350 2936 476 3002 coelitus
503 2937 605 3016 tortis,
632 2936 823 3022 supplicium
853 2936 963 3000 civitas
991 2936 1205 3022 dependisset,
1231 2961 1307 3023 quar

350 3040 451 3105 multo
478 3039 696 3103 infaustiorem
723 3038 796 3115 illis,
820 3039 876 3124 qui
903 3039 972 3105 hacc
998 3037 1139 3125 perpessi
1166 3052 1253 3118 sunt,
1275 3051 1308 3105 et

348 3144 531 3226 nequiorem
548 3140 689 3204 virorum
707 3121 900 3225 ¹praesentem
917 3139 999 3202 banc
1021 3137 1206 3225 protulisset
1224 3153 1307 3204 'aeta-

349 3255 422 3323 tem,
439 3267 497 3328 pro
514 3243 631 3328 quibus
645 3244 747 3306 omnis
762 3266 840 3328 gens
863 3242 982 3329 pariter
1004 3255 1179 3305 mereretur
1200 3242 1305 3307 extin-

346 3346 414 3430 gui.
462 3344 523 3407 Sed
545 3344 576 3406 in
593 3356 682 3408 sexto
699 3345 780 3408 libro
802 3345 843 3408 de
858 3344 976 3409 eisdem
993 3343 1070 3408 talia
1092 3345 1212 3409 scribit.
1258 3350 1306 3412 Et

346 3467 468 3522 eorum,
484 3445 601 3529 inquit,
619 3445 675 3531 qui
697 3469 754 3531 per
776 3455 875 3510 totam
899 3446 1059 3511 civitatem
1083 3447 1176 3509 famis
1198 3446 1307 3512 inedia

347 3546 646 3630 corrumpebantur,
666 3546 843 3611 multitudo
866 3548 1106 3612 innumerabilis
1129 3561 1207 3627 erat,
1223 3572 1305 3633 quo-

347 3670 417 3711 rum
435 3669 491 3710 nec
507 3646 658 3732 explicari
673 3647 798 3710 miseria
813 3662 929 3733 potest.
977 3652 1039 3714 Per
1058 3650 1200 3736 singulas
1215 3674 1306 3716 nam.

346 3771 410 3835 quc
426 3748 547 3825 domos,
565 3750 667 3812 sicubi
683 3749 804 3836 aliquid
821 3751 934 3815 fuisset
949 3752 1012 3815 cibi
1029 3767 1201 3839 repertum,
1219 3753 1305 3819 bella

345 3849 508 3943 continuo,
530 3863 562 3914 et
584 3853 686 3915 caedes
707 3853 791 3915 inter
808 3876 910 3931 caroS,
926 3854 1077 3940 ipsosque
1099 3868 1247 3941 parentes
1267 3881 1305 3922 ac

345 3952 462 4016 liberos
484 3955 705 4027 nascebantur,
723 3952 799 4016 dum
823 3977 884 4018 non
911 3955 1045 4018 solume
1069 3957 1228 4034 manibus,
1246 3961 1302 4022 sed

345 4076 383 4117 ex
400 4053 477 4140 ipsis
493 4053 586 4117 etiam
603 4054 762 4132 faucibus,
777 4055 911 4118 invicem
937 4055 1044 4118 cibum
1070 4079 1180 4139 rapere
1204 4073 1306 4125 certa.

344 4157 430 4221 bant.
478 4156 575 4221 Fides
600 4170 707 4220 autem
735 4179 790 4220 nec
817 4157 950 4220 mortuis
972 4171 1059 4231 erat;
1095 4157 1203 4224 sedet
1229 4161 1305 4247 ipsi,

344 4283 443 4345 quum
456 4261 523 4347 jam
536 4258 681 4346 spiritum
693 4260 888 4339 exhalarent,
899 4261 1178 4347 perscrutabantur
1190 4287 1208 4326 a
1220 4287 1306 4349 prae-
