3309 5309
452 639 592 683 CAP.
624 623 762 698 111.]
1141 641 1650 688 PoLYcRATmUs.
2282 634 2367 692 63

457 787 645 856 etiam
679 793 1037 868 sanitatem,
1069 805 1182 856 aut
1225 793 1697 878 aegritudinem,
1730 806 1839 858 aut
1880 806 2142 875 statum,
2174 817 2365 881 quem

459 891 684 956 dicunt
731 893 1229 972 neutralitatem,
1273 895 1652 960 fatalitatem
1700 918 1960 982 quoque
2002 895 2231 982 ipsam,
2282 918 2363 961 ex

454 994 964 1080 praecedentibus
988 996 1183 1081 signis
1204 1009 1580 1082 agnoscunt,
1598 1010 1662 1061 et
1686 996 2034 1074 interdum,
2060 1001 2115 1063 si
2142 1019 2366 1062 causas

460 1099 769 1173 noverint,
789 1097 1216 1163 efficacissime
1238 1111 1486 1165 curant.
1549 1097 1614 1163 Si
1635 1121 1788 1163 vero
1808 1099 1906 1178 (ut
1927 1099 2126 1164 verbo
2146 1120 2362 1164 eorum

462 1203 629 1281 utar)
659 1218 880 1262 causas
918 1198 1236 1284 ignorant,
1266 1199 1592 1286 quomodo
1626 1204 1902 1265 curant?
1958 1200 2103 1264 Non
2139 1199 2365 1286 utique

459 1299 619 1363 artis
647 1298 974 1380 beneficio,
1001 1301 1114 1364 sed
1145 1303 1442 1368 fortunae.
1512 1303 1559 1366 J
1565 1301 1850 1366 udicium
1880 1325 2052 1380 vern,
2075 1302 2252 1388 quod
2284 1325 2365 1366 ex

459 1399 792 1484 signorum
851 1400 1209 1485 cognitione
1266 1401 1627 1487 proferunt,
1687 1403 1807 1467 etsi
1866 1401 2142 1480 difficile,
2198 1427 2367 1488 saepe

464 1501 861 1566 verissimum
893 1515 1009 1566 est.
1101 1503 1336 1567 Multis
1379 1525 1639 1588 quoque
1680 1502 1872 1588 signis
1913 1504 2364 1591 tranquillitas,

461 1618 529 1668 et
584 1607 778 1667 variae
832 1616 1282 1690 tempestatum
1340 1605 1565 1670 formae
1622 1604 2170 1691 procellarumque
2226 1629 2371 1691 pro-

463 1706 733 1783 duntur,
776 1728 924 1792 quae
970 1707 1145 1772 velut
1188 1707 1253 1771 in
1298 1708 1554 1793 specula
1601 1707 1811 1772 Lunae
1854 1707 2029 1771 orbis
2071 1706 2369 1774 insinuat.

464 1809 768 1874 Ostendit
813 1832 1089 1894 namque
1125 1809 1523 1875 rubicundus
1565 1810 1739 1874 color
1784 1821 2029 1887 ventoS,
2062 1808 2373 1875 caeruleus

466 1910 740 1997 pluvias,
766 1933 846 1976 ex
879 1923 1157 1996 utroque
1179 1911 1563 1976 commixtus
1592 1912 1842 1976 nimbos
1871 1910 2132 1988 indicat,
2158 1909 2373 1974 furen-

471 2022 695 2095 tesque
739 2010 1063 2096 procellas,
1142 2010 1369 2076 Laetus
1419 2022 1598 2076 ortus
1654 2011 2054 2076 serenitatem
2106 2011 2377 2097 navigiis

470 2111 875 2197 repromittit,
916 2135 1109 2199 quam
1155 2124 1365 2198 gestat
1412 2113 1619 2191 vultu,
1664 2112 1987 2199 praecipue
2040 2113 2093 2177 si
2144 2125 2374 2200 quarto

469 2228 652 2292 ortu,
689 2219 741 2279 is
792 2216 957 2280 enim
1008 2229 1232 2281 auctor
1276 2216 1664 2282 certissimus
1709 2229 1828 2294 est,
1876 2239 2086 2302 neque
2129 2217 2375 2299 obtusis

470 2316 769 2381 cornibus
813 2317 1028 2393 rutila,
1060 2339 1268 2402 neque
1302 2317 1517 2381 infuso
1559 2316 1759 2382 fuerit
1800 2320 2066 2382 humore
2101 2316 2370 2382 fuscata.

473 2421 659 2482 Tunc
687 2418 850 2483 enim

682 2534 852 2588 Totus
875 2542 931 2588 et
952 2533 1043 2588 ille
1067 2535 1198 2599 dies,
1221 2541 1276 2587 et
1299 2537 1386 2604 qui
1409 2541 1685 2588 nascentur
1708 2535 1774 2586 ab
1797 2533 1907 2598 illo,

685 2621 944 2673 Exactum
967 2620 1036 2672 ad
1059 2637 1292 2673 mensem
1313 2625 1471 2674 vento
1492 2619 1767 2691 pluviaque
1790 2617 2057 2671 carebunt.

479 2722 585 2787 Sol
626 2746 886 2809 quoque
930 2722 1204 2787 candens
1246 2723 1509 2786 interest
1554 2733 1774 2785 utrum
1820 2719 2178 2805 aequalibus
2217 2741 2373 2806 gau-

476 2824 626 2888 deat
683 2824 898 2899 radiiS,
959 2847 1038 2887 an
1099 2823 1350 2909 objecta
1402 2823 1571 2888 nube
1629 2820 1873 2900 rutilet,
1925 2833 2143 2886 utrum
2196 2820 2383 2885 solito

478 2924 815 3012 splendore
847 2922 1158 3010 fulgiduS,
1187 2948 1267 2989 an
1298 2925 1508 2989 ventis
1551 2923 1932 3009 urgentibus
1960 2922 2209 3008 igneus,
2238 2922 2383 2985 nive

479 3029 561 3091 sit
594 3024 888 3111 pallidus,
918 3048 997 3089 an
1029 3026 1251 3108 pluvia
1280 3025 1359 3090 sit
1391 3025 1797 3112 impendente
1825 3024 2203 3088 maculosus.
2257 3027 2384 3088 Aer

480 3149 654 3206 vero,
685 3137 749 3190 et
779 3147 949 3188 mare
979 3127 1183 3211 ipsum
1231 3125 1632 3209 nubiumque
1677 3122 2078 3207 magnitudO,
2108 3121 2209 3186 vel
2248 3145 2387 3207 spe-

479 3227 610 3292 cies
663 3224 1008 3311 plurimum
1062 3224 1337 3288 afferunt
1388 3222 1840 3288 instructionis,
1934 3221 2056 3286 Sed
2103 3234 2168 3287 et
2212 3245 2384 3298 aves,

481 3343 548 3393 et
588 3329 813 3414 pisceS‚
864 3326 1232 3391 futurorum
1277 3323 1626 3389 certissima
1668 3323 1950 3410 produnt
1992 3322 2192 3409 signa,
2237 3344 2382 3410 quae

483 3432 793 3518 Virgilius
821 3443 886 3496 et
920 3430 1222 3497 Lucanus
1251 3428 1470 3492 divino
1507 3427 2057 3512 comprehendunt
2086 3427 2379 3513 ingenim

481 3535 594 3601 sed
624 3549 690 3600 et
713 3538 918 3600 Varro
946 3533 1010 3597 in
1044 3532 1222 3599 libris
1251 3531 1607 3612 navalibus,
1631 3530 1784 3597 dum
1817 3530 2093 3596 solicitos
2120 3530 2384 3598 instruit

483 3650 731 3704 nautas.

483 3827 644 3913 Cap.
676 3831 739 3890 3.
788 3827 1142 3908 Signorum
1187 3826 1320 3888 alia
1364 3844 1498 3888 esse
1541 3825 1957 3900 universalia,
2004 3825 2137 3887 alia
2173 3823 2386 3908 parti·

677 3929 934 3993 cularia
957 3954 979 3992 .-
1024 3935 1087 3992 et
1114 3927 1274 4010 quid
1299 3928 1622 4010 sigmflcet
1641 3928 1997 4009 geminatio
2024 3927 2217 3992 Solis.

570 4063 730 4139 Qun
760 4084 910 4126 vero
939 4062 1001 4126 in
1035 4062 1164 4126 sole
1193 4073 1256 4126 et
1288 4061 1441 4126 luna
1481 4060 1830 4126 secundum
1877 4073 2174 4124 naturam
2203 4059 2390 4144 signa

485 4162 893 4248 contigerint,
936 4164 1284 4229 certissima
1329 4174 1500 4239 sunt,
1549 4175 1614 4227 et
1664 4175 1994 4228 auctorum
2042 4160 2405 4231 multarum

488 4263 848 4331 testimonio
891 4266 1321 4352 comprobata.
1412 4269 1455 4301 “
1476 4264 1689 4330 Solem
1727 4261 1878 4348 quis
1906 4260 2110 4324 dicere
2154 4260 2190 4324 f
