3309 5309
580 697 802 743 ENTHETICUS.

264 849 294 911 A
310 870 374 935 quo
388 858 454 913 tota
469 847 527 912 tibi
542 847 617 929 vita,
632 847 779 934 salusque
793 848 897 913 datur.

161 951 162 956 ’
220 949 255 1014 Si
270 950 365 1015 facies
379 950 426 1017 illi
442 963 497 1014 tua
511 950 668 1036 displicet,
683 950 769 1014 unde
784 950 948 1036 placebit?

262 1053 341 1138 Ejus
356 1054 388 1118 in
404 1052 535 1118 arbitrio
545 1053 663 1139 jusque
678 1053 830 1139 favorque
844 1064 988 1119 manent.

219 1154 315 1229 Quod
325 1155 473 1240 prohibet
483 1154 563 1232 fieri,
575 1153 677 1218 scelus
687 1164 749 1219 est:
766 1154 850 1240 quod
861 1153 1015 1241 praecipit,
1027 1176 1169 1243 oequum,

261 1257 282 1322 J
284 1280 403 1345 utaque
419 1280 476 1343 pro
490 1256 608 1343 placito
623 1267 772 1344 stantque
788 1257 971 1345 caduntque
986 1280 1053 1323 suo.

220 1359 306 1424 Huic
320 1383 393 1448 quae
408 1361 475 1426 sola
489 1360 605 1447 placet,
622 1360 689 1425 sola
703 1359 821 1426 virtute
837 1361 989 1447 placebis,

264 1462 349 1537 Quae
363 1463 422 1527 tibi
437 1463 463 1527 si
477 1463 570 1541 desit,
586 1474 703 1527 caetera
718 1476 834 1529 cuncta
850 1475 975 1530 nocent.

220 1562 299 1627 Jura
314 1561 399 1643 colit,
413 1583 526 1647 pacem
541 1563 663 1644 statuit,
679 1564 856 1651 fundatque
872 1566 1025 1652 quietem,

264 1664 309 1728 Et
322 1663 461 1728 tumidos
476 1664 583 1728 hostes
597 1673 707 1727 mente
722 1686 885 1750 manuque
900 1667 1018 1730 domat.

224 1766 290 1830 Sed
304 1788 360 1831 seu
370 1767 445 1852 jura
460 1776 583 1842 vocent,
599 1786 657 1829 seu
672 1764 821 1830 fulminet
836 1766 919 1831 ensis
934 1766 967 1830 in
983 1767 1098 1857 hostes,

264 1870 338 1932 Non
353 1867 413 1932 nisi
427 1879 535 1932 sancta
550 1865 645 1950 gerit,
660 1888 724 1930 non
740 1867 801 1931 nisi
816 1878 925 1932 sancta
940 1869 1062 1954 probat.

221 1971 341 2036 Confer
354 1971 385 2034 ei
400 1990 606 2056 quoscunque
621 1968 730 2046 duces,
746 1989 954 2057 quoscunque
969 1981 1125 2056 potentes,

264 2073 360 2138 Plebs
375 2071 436 2137 erit
450 2072 510 2137 hoc
524 2072 590 2137 viso
604 2070 743 2136 maxima
758 2072 853 2137 turba
867 2073 996 2139 ducum.

222 2178 256 2243 Si
271 2199 362 2262 reges
376 2176 494 2250 videas,
510 2174 588 2262 quid
603 2175 644 2240 ad
659 2175 745 2240 hunc
759 2176 819 2240 nisi
835 2177 1083 2254 rusticaturba?

264 2280 308 2344 Et
321 2280 415 2357 bene,
431 2279 457 2344 si
472 2278 535 2343 dici
550 2278 667 2343 rustica
681 2279 776 2344 turba
789 2290 923 2366 queunt.

221 2381 479 2468 Particulamque
495 2380 542 2445 tui
557 2392 814 2466 praemonstrans,
830 2383 993 2468 experiere

262 2483 347 2558 Quae
361 2493 491 2548 maneat
503 2493 606 2548 totum
621 2482 734 2568 gratia,
748 2483 800 2548 vel
816 2485 887 2571 quis
902 2485 1012 2551 honor.

220 2587 254 2652 Si
270 2586 375 2673 placet
388 2586 469 2665 hoec,
485 2597 569 2651 totus
585 2585 701 2672 poteris
716 2585 847 2651 fortasse
864 2597 991 2673 patere:

263 2689 328 2755 Sed
344 2689 370 2754 si
384 2689 560 2776 displiceat,
575 2699 682 2754 cetera
695 2688 808 2754 claude
824 2700 909 2775 toga.

219 2792 328 2858 Verba
342 2793 507 2858 salutantis
521 2793 585 2858 sint
599 2792 719 2878 prima;
740 2793 875 2858 subinde
890 2793 1022 2872 facetus,

263 2899 314 2960 Te
328 2895 419 2961 dabis
433 2895 605 2985 obsequiis,
620 2895 858 2983 hospitiumque
874 2909 973 2982 petes.

219 2995 294 3060 Non
309 2998 412 3080 gravis
427 2996 541 3082 hospes
555 2996 627 3072 eris,
643 3006 786 3083 potuque
802 2997 939 3083 ciboque
965 2994 1128 3060 verendus

264 3097 407 3162 Sufficiet
421 3099 516 3163 vestis
530 3121 595 3161 non
610 3098 753 3183 preciosa
768 3098 837 3162 tibi.

220 3198 294 3263 Non
309 3197 448 3262 oneraris
463 3196 565 3284 equis,
582 3196 727 3282 phaleras
742 3218 803 3283 nec
817 3197 920 3282 poscis
935 3218 1101 3284 equorum,

262 3300 333 3365 Nec
347 3311 380 3366 te
395 3321 557 3366 servorum
573 3297 665 3384 copia
678 3318 796 3383 magna
810 3298 936 3383 premit.

221 3401 365 3468 Sufficiet
378 3402 428 3468 vel
443 3401 510 3467 sola
524 3400 648 3480 domus,
664 3399 812 3486 visusque
830 3399 964 3486 patroni,

262 3505 343 3591 Ejus
356 3515 392 3569 et
403 3504 553 3592 alloquio,
569 3502 763 3590 consilioque
778 3501 851 3567 frui.

220 3607 319 3673 Curia
333 3607 410 3694 quid
425 3607 531 3693 possit,
547 3607 624 3695 quid
639 3616 744 3692 speret
759 3605 859 3692 plebs,
876 3605 932 3669 ubi
947 3605 1037 3690 regni

263 3709 366 3789 Vires,
381 3731 446 3774 una
459 3709 572 3774 domus
586 3707 653 3773 sola
667 3708 781 3772 docere
796 3719 908 3793 potest.

221 3812 256 3877 Si
270 3811 449 3877 develatam
465 3810 579 3875 faciem
595 3809 826 3886 monstraverit,
842 3820 976 3875 autnon

263 3913 470 3999 Praestringat
484 3913 586 3979 visum
601 3912 740 3977 cassibus
755 3911 809 3976 ille
825 3923 929 3989 tuum,

219 4016 309 4094 Quid
323 4016 447 4103 sapiens
461 4016 558 4082 stulto
572 4015 690 4096 differt,
705 4015 784 4102 quid
797 4036 938 4102 paupere
953 4014 1051 4097 dives,

261 4118 349 4194 Quid
363 4119 480 4184 misero
493 4117 594 4184 felix?
614 4117 640 4184 si
654 4117 737 4205 sapis
750 4139 826 4182 ecoe
841 4116 941 4185 vides.

221 4220 256 4285 Si
270 4221 365 4286 fuerit
380 4220 483 4300 laetus,
498 4221 607 4288 oculos
621 4242 778 4309 auresque
791 4219 931 4287 libenter

263 4321 413 4408 Exponat
425 4325 519 4410 nugis
533 4323 662 4392 forsitan
676 4323 733 4391 ille
746 4322 820 4392 teis.

665 4432 723 4489 stt
808 4472 811 4477 -
