3309 5309
703 671 845 716 CAP.
881 652 1016 732 111.]
1408 667 1916 714 POLYCRATlcUS.
2485 657 2609 716 223

708 820 962 886 Stoicos
1006 831 1420 897 transeamus,
1449 818 1560 902 qui
1602 841 1826 882 causas
1870 819 2194 882 nominum
2241 816 2612 901 diligentius

703 921 1133 1004 investigant;
1201 919 1386 983 lictor
1417 919 1674 1000 dicitur,
1705 920 1890 1005 quasi
1932 919 2090 1002 legis
2120 919 2301 998 ictor,
2329 942 2403 981 eo
2432 921 2610 1004 quod

702 1022 786 1085 ad
838 1021 1040 1106 ipsius
1092 1033 1336 1105 spectat
1387 1019 1660 1083 officium
1710 1021 1918 1100 ferire,
1967 1044 2157 1106 quem
2210 1024 2316 1083 lex
2357 1021 2608 1106 judicat

701 1121 1082 1196 feriendum.
1173 1120 1367 1185 Unde
1399 1134 1465 1184 et
1494 1121 1852 1206 antiquitus
1889 1123 1971 1187 ab
2002 1121 2416 1194 Officialibus‚
2449 1145 2611 1207 quo·

704 1247 848 1287 rum
893 1244 1084 1286 manu
1125 1223 1317 1286 index
1361 1237 1654 1287 nocentes
1704 1224 1913 1309 punit,
1951 1246 2154 1308 quum
2199 1247 2307 1286 reo
2356 1223 2611 1308 gladius

701 1328 1080 1400 immineret,
1135 1326 1505 1411 obtempera
1563 1326 1721 1410 legis
1781 1327 2047 1390 arbitrio
2104 1326 2456 1404 dicebatur,
2509 1327 2606 1390 vel

700 1428 907 1512 legem
930 1427 1147 1513 imple,
1170 1440 1242 1491 ut
1266 1428 1354 1490 rei
1380 1427 1701 1492 tristitiam
1728 1427 2047 1512 mitigaret
2070 1427 2167 1490 vel
2190 1428 2607 1493 mansuetudo

701 1532 1064 1593 verborum.

702 1863 864 1946 Cap.
897 1867 956 1925 3.
1024 1863 1208 1936 Quod
1248 1835 1556 1944 princeps
1607 1864 1895 1927 minister
1947 1873 2038 1928 est
2083 1865 2500 1940 sacerdotum,
2547 1873 2609 1928 et

763 1963 1001 2024 -minor
1026 1965 1116 2025 eis
1135 1989 1157 2035 ‚·
1205 1969 1267 2026 et
1289 1965 1450 2046 quid
1467 1965 1552 2027 sit
1569 1966 1994 2027 ministerium
2015 1968 2438 2066 principatus
2433 1966 2606 2047 fide·

790 2065 943 2127 liter
962 2084 1200 2145 gerere.

790 2213 994 2277 Hunc
1025 2237 1178 2298 ergo
1206 2214 1490 2298 gladium
1524 2213 1604 2276 de
1634 2235 1825 2276 manu
1850 2213 2152 2277 Ecclesiae
2182 2214 2408 2299 accipit
2436 2214 2606 2300 prin-

698 2336 868 2399 ceps,
891 2338 1086 2399 quum
1119 2315 1255 2401 ipsa
1287 2331 1493 2381 tamen
1525 2317 1812 2401 gladium
1845 2317 2164 2401 sanguinis
2194 2318 2449 2381 omnino
2477 2340 2603 2381 non

701 2413 953 2478 habeat.
1043 2416 1261 2480 Habet
1308 2428 1517 2479 tamen
1570 2430 1630 2480 et
1678 2416 1897 2495 istum,
1941 2418 2049 2480 sed
2101 2442 2176 2481 eo
2232 2421 2437 2483 utitur
2487 2442 2602 2504 per

703 2515 1007 2602 principis
1028 2538 1304 2599 manum,
1328 2517 1433 2582 cui
1458 2518 1944 2581 coercendorum
1972 2541 2306 2601 corporum
2332 2521 2604 2584 contulit

697 2627 1102 2701 potestatem,
1134 2617 1555 2703 spiritualium
1604 2618 1724 2680 sibi
1769 2618 1832 2680 in
1879 2617 2289 2701 pontificibus
2332 2620 2603 2682 auctori-

699 2729 835 2780 tate
864 2737 1198 2783 reservata.
1291 2721 1410 2782 Est
1450 2741 1604 2802 ergo
1645 2717 1937 2802 princeps
1968 2717 2298 2781 sacerdotii
2344 2718 2602 2802 quidem

698 2816 1008 2895 minister,
1062 2833 1125 2884 et
1180 2819 1294 2903 qui
1348 2841 1668 2883 sacrorum
1722 2817 2072 2883 officiorum
2134 2818 2304 2881 illam
2357 2832 2603 2904 partem

696 2930 971 2998 exercet,
1029 2945 1176 3004 quae
1247 2919 1583 2983 sacerdotii
1644 2920 1935 2984 manibus
2004 2920 2258 2984 videtur
2322 2920 2603 3005 indigna.

697 3019 1035 3083 Sacrarum
1068 3041 1343 3102 namque
1373 3022 1589 3102 legum
1621 3041 1806 3082 omne
1836 3019 2109 3082 officium
2144 3019 2506 3102 religiosum
2540 3032 2602 3083 et

691 3118 879 3204 pium
920 3132 1038 3192 est,
1069 3117 1229 3181 illud
1276 3131 1483 3181 tamen
1529 3118 1816 3199 inferiuS,
1846 3119 2015 3202 quod
2050 3119 2113 3182 in
2160 3119 2367 3203 poenis
2396 3118 2604 3182 crimi-

689 3242 848 3284 num
902 3232 1256 3297 exercetur,
1307 3232 1371 3283 et
1425 3218 1745 3304 quandam
1805 3219 2104 3283 carnificii
2154 3231 2604 3305 repraesentare

693 3320 954 3385 videtur
975 3319 1332 3403 imaginem.
1387 3320 1582 3384 Unde
1600 3332 1665 3384 et
1690 3320 2145 3386 Constantinus
2167 3322 2604 3384 Romanorum

692 3420 1098 3485 fidelissimus
1147 3423 1526 3508 Imperator,
1571 3445 1774 3508 quum
1828 3422 2220 3486 sacerdotum
2267 3421 2601 3510 concilium

694 3522 956 3586 Niceam
990 3537 1416 3601 convocasset,
1448 3547 1562 3587 nec
1601 3524 1880 3608 primum
1928 3523 2135 3586 locum
2173 3535 2382 3586 tenere
2410 3545 2603 3587 ausus

690 3633 812 3697 est,
842 3643 957 3685 nec
995 3644 1060 3684 se
1089 3623 1605 3708 presbyterorum
1647 3623 1997 3687 immiscere
2038 3623 2455 3698 consessibus,
2488 3622 2595 3686 sed

692 3720 905 3784 sedem
950 3721 1349 3786 novissimam
1396 3722 1753 3805 occupavit.
1848 3721 2201 3786 Sententias
2250 3746 2395 3786 vero
2439 3746 2601 3809 quas

694 3822 778 3885 ab
807 3819 896 3884 eis
925 3822 1310 3905 approbatas
1350 3823 1620 3903 audivit,
1655 3823 1745 3888 ita
1788 3839 2123 3888 veneratus
2159 3837 2274 3900 est,
2306 3847 2377 3888 ac
2415 3825 2463 3888 si
2496 3848 2601 3888 eas

694 3921 777 3984 de
806 3921 1041 3985 divinae
1071 3921 1419 4006 majestatis
1449 3923 1740 3988 sensisset
1777 3947 2096 3988 emanasse
2116 3926 2380 4011 judicio,
2474 3926 2597 3989 Sed

696 4032 762 4083 et
791 4019 1036 4083 libellos
1080 4021 1589 4106 inscriptionum,
1621 4046 1785 4109 quos
1814 4023 1892 4086 ad
1940 4025 2206 4088 invicem
2240 4037 2597 4107 conceptoS‚

695 4119 1091 4183 sacerdotum
1134 4120 1395 4185 crimina
1435 4114 1849 4202 continentes»,
1883 4125 2263 4209 Imperatori
2302 4144 2598 4205 porrexe-
2652 4179 2657 4185 .

694 4233 862 4300 rant,
885 4221 1162 4306 suscepit
1193 4223 1477 4307 quidem,
1499 4224 1870 4308 clausosque
1900 4224 2184 4308 reposuit
2206 4227 2271 4287 in
2297 4221 2437 4285 sinu
2462 4242 2596 4287 suo·
