3309 5309
479 670 542 730 990
739 683 875 729 scamus
892 681 1176 730 ssnssnsmnusrs
1306 664 1390 743 [mn.
1405 677 1437 724 v.

480 855 543 898 non
560 833 698 900 muitum
713 855 801 912 curo,
815 833 992 899 dummodo
1006 845 1131 899 constet
1147 831 1303 899 Consules
1317 832 1437 898 Roma·

481 958 595 1002 norum
610 959 650 1003 eo
664 937 826 1022 subegisse
844 937 1014 1024 Pyrrhum,
1027 936 1112 1024 quod
1127 933 1297 1022 perfidiam
1311 934 1438 1000 fuerant

479 1041 648 1126 aspernati.
694 1039 871 1126 Epistolam
898 1061 973 1104 vero
996 1039 1173 1105 Consulum
1199 1037 1242 1102 ud
1266 1036 1436 1124 Pyrrhum,

481 1143 563 1208 hanc
587 1144 682 1209 luisse
710 1142 942 1228 Quadrigarius
967 1141 1275 1210 refert-Consules
1299 1140 1438 1206 Romsni

479 1245 614 1311 sulutem
637 1247 750 1312 dicunt
774 1246 898 1334 Pyrrho
925 1244 1002 1330 regi.
1049 1244 1116 1309 Nos
1141 1265 1199 1330 pro
1222 1244 1287 1308 tuis
1311 1242 1435 1328 injuriis

478 1346 631 1413 continuo
655 1348 764 1415 animo
789 1348 953 1431 commoti,
978 1347 1151 1412 inimiciter
1175 1361 1283 1412 tecum
1313 1345 1433 1411 bellare

477 1448 653 1529 studemus,
676 1451 731 1516 sed
754 1473 827 1516 cnm
851 1449 969 1516 muniis
994 1447 1134 1535 exempli
1156 1460 1190 1513 et
1210 1446 1299 1513 fidei.
1347 1447 1433 1531 Ergo

477 1550 579 1616 risum
595 1563 643 1617 est
664 1563 700 1616 ut
716 1563 749 1617 te
767 1551 888 1618 sslrum
910 1550 1055 1628 velimus,
1071 1571 1138 1637 quo
1154 1550 1204 1631 sit,
1217 1570 1316 1636 quem
1337 1550 1432 1615 ermis

475 1654 630 1739 possimus
659 1656 796 1721 vincere.
842 1655 896 1718 Ad
925 1675 982 1719 noa
1011 1653 1099 1719 venit
1129 1651 1239 1717 Nicias
1267 1650 1433 1717 fsmilisria

474 1767 558 1834 tuus,
582 1757 638 1845 qni
661 1757 722 1822 sibi
745 1780 765 1822 a
787 1757 880 1822 nobis
901 1756 1069 1843 proemium
1091 1754 1271 1841 peteret,si
1293 1766 1327 1820 ts
1348 1755 1430 1820 clem

475 1857 693 1926 interfecisset.
740 1859 778 1924 ld
801 1881 860 1925 nos
875 1859 1062 1944 negavimus
1083 1856 1272 1939 velie‚neve
1294 1857 1338 1922 ob
1360 1878 1430 1922 eam

475 1983 542 2025 rem
564 1963 735 2050 quicquum
758 1961 918 2027 commodi
941 1971 1133 2047 expectaret,
1156 1958 1428 2026 denunciarimus.

474 2061 578 2130 Simul
593 2066 691 2131 etiarn
707 2063 809 2129 visum
825 2077 884 2143 est,
901 2076 936 2131 ut
951 2075 984 2129 te
998 2064 1166 2130 certiorem
1181 2062 1372 2142 luceremus,
1387 2085 1428 2129 ne

472 2164 551 2248 qnid
573 2164 765 2251 hujusmodi,
785 2168 812 2231 si
833 2167 1010 2244 accidisset,
1025 2176 1133 2231 nostro
1154 2163 1286 2231 consilio
1308 2166 1427 2231 factum

470 2275 620 2349 putarent
635 2268 790 2346 civitates,
806 2268 933 2333 sciturae
948 2268 1035 2356 qnod
1049 2267 1141 2333 nobis
1155 2289 1219 2332 non
1235 2267 1342 2354 plsoct
1355 2289 1428 2354 prn-

470 2366 583 2445 missis,
599 2380 656 2434 sut
669 2371 782 2456 pretio,
796 2382 854 2435 aut
872 2371 953 2436 dolis
972 2392 1126 2458 pugnare.
1164 2369 1229 2452 Tu,
1244 2370 1307 2436 nisi
1323 2393 1425 2453 cures,

464 2469 599 2553 jucebis.
624 2472 713 2549 Quid
722 2473 1069 2562 referam,quodquum
1081 2474 1209 2559 eiregni
1218 2474 1425 2540 medietatem

470 2571 611 2660 Pyrrhus
625 2576 801 2659 obtulisset,
817 2589 853 2642 nt
866 2597 980 2664 pucsm
1003 2575 1239 2642 conditionibus
1253 2577 1356 2665 eequis
1369 2578 1425 2643 sd·

467 2677 622 2758 mitteret,
638 2691 840 2766 contemptus
854 2692 912 2745 est.
957 2681 1022 2746 Sed
1038 2701 1098 2744 nec
1113 2678 1203 2764 regni
1218 2679 1423 2746 medietatem

468 2779 629 2865 acquievit
658 2782 813 2868 accipere,
843 2792 879 2847 ut
908 2779 1081 2846 amicitiam
1115 2780 1317 2866 promitteret
1346 2782 1423 2868 regi.

471 2878 582 2955 Quum
598 2907 675 2950 vero
690 2885 816 2972 Cyness
831 2884 880 2951 vir
901 2883 1189 2971 praestantissimus,
1204 2883 1260 2971 qni
1286 2883 1422 2950 Romam

467 2985 580 3051 missus
606 2986 710 3053 fueret
739 3008 882 3053 reversus
906 2987 1155 3071 interrogaretur
1179 2985 1284 3074 qualis
1316 2985 1421 3052 Roma

465 3099 559 3171 esset,
581 3089 744 3177 respondit
765 3112 798 3155 se
825 3111 938 3175 regum
961 3089 1075 3155 vidisse
1098 3087 1244 3180 putrium,
1269 3110 1309 3154 eo
1334 3089 1419 3177 quod

464 3191 531 3256 lere
546 3216 657 3259 omnes
672 3193 751 3259 tales
765 3204 871 3258 essent
882 3191 957 3269 illic,
969 3191 1073 3280 qualis
1084 3202 1168 3257 esset
1178 3193 1263 3257 solus
1280 3191 1419 3279 Pyrrhus

464 3293 497 3357 in
515 3294 623 3380 Epiro,
639 3297 688 3362 vel
706 3296 828 3385 reliqna
844 3295 982 3362 Groecia.
1015 3295 1137 3360 Audita
1150 3317 1228 3380 ergo
1244 3295 1421 3361 constantis

463 3396 614 3475 Fabricii,
625 3398 731 3486 inquit
745 3423 818 3466 rex:
844 3399 909 3467 Hic
924 3410 972 3464 est
981 3397 1092 3485 utique
1106 3396 1162 3463 ille
1173 3397 1350 3478 Fabricius,
1361 3398 1417 3485 qui

461 3496 620 3565 difficilius
645 3523 665 3565 a
690 3503 816 3578 virtute,
844 3523 942 3589 qnam
973 3498 1030 3565 Sol
1059 3522 1079 3565 u
1108 3521 1203 3565 cursu
1231 3520 1290 3564 suo
1316 3499 1417 3566 everti

461 3612 574 3683 potest.
620 3603 798 3690 Imperator
819 3605 929 3670 Coessr
951 3606 1118 3688 Augustus
1140 3603 1363 3685 Germanicus,
1377 3624 1418 3668 eo

459 3701 545 3766 bello
559 3727 624 3790 quo
637 3707 725 3772 victis
740 3707 883 3772 hostibus
897 3704 1082 3771 Germanici
1090 3726 1273 3789 cognomen
1286 3704 1415 3787 meruit,

459 3824 559 3888 quum
575 3806 608 3869 in
624 3808 740 3873 finibus
762 3809 926 3894 copiarum
949 3806 1079 3872 castella
1093 3818 1237 3894 poneret,
1252 3829 1310 3894 pro
1331 3808 1416 3873 fruc-

456 3906 541 3971 tibus
562 3906 714 3986 locorum,
738 3934 812 3997 quae
835 3911 919 3976 vallo
943 3909 1249 3997 comprehendebat,
1271 3911 1409 3998 pretium

464 4009 541 4075 solvi
560 4010 664 4097 jussit,
685 4024 781 4100 atque
804 4014 850 4078 its
874 4014 1010 4099 justitise
1031 4013 1117 4078 sums
1144 4013 1290 4080 omnium
1312 4015 1409 4080 fidem

454 4113 608 4179 astrinxit.
668 4114 758 4191 Quid
786 4115 828 4180 de
857 4116 1054 4182 continentis
1085 4117 1203 4196 dicam,
1234 4138 1408 4206 rerumque

453 4227 649 4303 contemptu,
675 4219 934 4307 quandoquidem
959 4218 1123 4284 Plutarchi
1150 4219 1407 4305 strategematica

450 4317 602 4383 nonnulla
632 4320 784 4405 promisi?
825 4319 874 4387 M.
904 4321 1060 4386 Catonem
1086 4319 1200 4384 eodem
1228 4319 1314 4400 rino,
1340 4341 1406 4408 quo
