3309 5309
701 688 846 736 cAP.
877 672 1004 751 x1.]
1446 687 1958 734 PotranricUS.
2481 679 2606 737 307

696 838 947 905 rationi.
1045 837 1141 905 Ut
1171 840 1342 905 enim
1369 843 1461 905 ait
1494 840 1822 925 Sapientia
1847 865 1863 903 ι
1924 844 2090 914 Quae
2120 843 2609 907 communicatio

692 955 910 1006 sancto
942 941 1181 1007 homini
1212 943 1295 1006 ad
1326 964 1569 1022 canem,
1598 954 1714 1006 aut
1748 941 1873 1006 luci
1905 941 1986 1007 ad
2019 943 2352 1008 tenebras?
2399 945 2605 1008 Omne

687 1043 918 1108 animal
963 1044 1178 1129 diligit
1224 1044 1344 1108 sibi
1389 1042 1616 1122 simile,
1649 1061 1716 1109 et
1757 1044 1961 1108 omnis
2008 1045 2198 1109 homo
2235 1046 2600 1130 proximum

691 1168 906 1212 suum.
1000 1146 1225 1210 Omnis
1266 1169 1413 1211 caro
1455 1147 1536 1211 ad
1580 1145 1845 1210 similem
1893 1147 2011 1210 sibi
2059 1149 2493 1234 conjungitur,
2539 1162 2603 1213 et

689 1249 896 1313 omnis
947 1248 1138 1311 homo
1189 1248 1532 1314 sociabitur
1584 1248 1769 1312 simili
1826 1248 1969 1312 sibi.
2073 1249 2142 1314 Si
2195 1249 2388 1334 lupus
2438 1274 2605 1336 agno

696 1347 1046 1434 aliquando
1078 1349 1595 1427 communicavit,
1625 1350 1715 1411 sic
1746 1360 2038 1432 peccator
2058 1349 2260 1433 just0.

692 1543 850 1628 Cap.
894 1549 989 1609 ll.
1046 1545 1150 1607 De
1195 1546 1421 1623 oculis,
1467 1545 1764 1619 attribu-9,
1810 1552 1873 1608 et
1918 1545 2149 1626 lingua
2189 1552 2604 1626 potestatum,

778 1653 844 1710 et
902 1647 984 1710 de
1039 1648 1236 1734 officio
1288 1649 1609 1728 praesidis,
1670 1657 1733 1711 et
1793 1648 1963 1729 quod
2019 1649 2305 1728 jadicem
2365 1657 2607 1730 oportet

779 1749 1008 1812 habere
1029 1752 1218 1830 juris
1258 1757 1321 1813 et
1362 1752 1530 1830 aeqm'
1561 1752 1886 1824 notitiam,
1919 1752 2303 1813 voluntatem
2335 1751 2504 1829 boni,
2548 1759 2610 1814 et

775 1858 1150 1932 potestatem
1181 1851 1555 1932 exequendi,
1588 1861 1650 1915 et
1680 1852 1850 1934 quod
1866 1855 2248 1937 juramento
2276 1852 2449 1916 debet
2479 1873 2612 1916 esse
2665 1892 2682 1907 .

782 1955 1095 2035 alligatus
1121 1955 1388 2034 legibus,
1418 1963 1480 2017 et
1511 1976 1555 2017 a
1584 1955 1872 2018 sordibus
1902 1975 2241 2019 munerum
2272 1956 2549 2018 alienus.

788 2079 1140 2148 SEQUITUR
1182 2077 1540 2155 oculorum,
1586 2078 1858 2158 aurium,
1902 2090 1965 2143 et
2018 2079 2279 2163 linguae,
2327 2079 2606 2157 collatio,

699 2202 894 2264 quam
923 2181 989 2243 in
1019 2180 1407 2265 praesidibus
1441 2180 1911 2266 provinciarum
1943 2181 2282 2246 consistere
2316 2182 2607 2267 superius

701 2280 943 2347 dictum
973 2293 1086 2346 est.
1180 2284 1430 2348 Praeses
1458 2283 1663 2367 igitur
1692 2295 1789 2348 est
1820 2284 1932 2370 qui
1975 2286 2040 2349 in
2076 2284 2229 2369 jure
2259 2283 2609 2360 reddendo,

698 2382 1189 2468 provincialibus
1234 2385 1558 2470 praesidet.
1651 2385 1781 2449 Hic
1822 2400 2038 2452 autem
2073 2386 2243 2471 aequi
2287 2398 2353 2450 et
2399 2388 2611 2472 iniqui

701 2482 891 2547 debet
951 2484 1186 2548 habere
1244 2485 1564 2560 notitiam,
1624 2499 1689 2548 et
1747 2485 2143 2560 facultatem,
2202 2498 2266 2549 et
2326 2489 2609 2549 animum

699 2583 860 2667 ejus,
891 2584 1065 2668 quod
1087 2587 1340 2671 justum
1373 2597 1492 2659 est,
1523 2582 1906 2667 exequendi.
1982 2583 2147 2645 Nam
2180 2583 2342 2646 sicut
2366 2585 2613 2648 medico

700 2698 965 2750 eventus
1004 2683 1411 2750 mortalitatis
1451 2683 1760 2768 imputari
1803 2705 1926 2745 non
1971 2682 2184 2759 debet,
2226 2682 2317 2745 ita
2356 2683 2406 2746 si
2451 2684 2610 2768 quid

702 2784 882 2848 triste
927 2808 1041 2869 per
1085 2782 1470 2867 imperitiam
1515 2782 1653 2867 ejus
1698 2782 2060 2866 contigerit,
2104 2781 2160 2843 ei
2214 2781 2441 2846 merito
2489 2782 2609 2846 im-

700 2898 991 2971 putatur.
1085 2882 1272 2961 Quod
1322 2885 1376 2947 si
1418 2883 1620 2962 novit,
1659 2894 1724 2947 et
1763 2905 1888 2946 non
1932 2882 2096 2961 vult,
2131 2905 2255 2947 non
2302 2907 2381 2947 ex
2426 2885 2609 2968 igno-

699 2985 935 3063 rantia,
965 2983 1075 3046 sed
1107 3006 1186 3048 ex
1222 2983 1470 3047 malitia
1508 2983 1983 3050 condemnatur.
2078 2986 2257 3048 Finis
2295 2984 2610 3069 siquidem

697 3087 1040 3166 utriusque
1069 3085 1396 3151 damnatio
1418 3100 1542 3151 est:
1588 3086 1735 3151 licet
1762 3086 1966 3171 ignari
1992 3086 2214 3151 mitius
2236 3086 2609 3171 puniantur,

699 3190 824 3256 nisi
857 3188 1022 3252 forte
1051 3186 1472 3273 ignorantiam
1500 3187 1889 3273 negligentia
1911 3187 2366 3274 procuraverit.
2440 3190 2610 3251 Nam

702 3293 756 3358 si
801 3291 1166 3378 ignorantia
1208 3289 1588 3355 invincibilis
1631 3303 1749 3367 est,
1781 3314 1908 3355 non
1953 3291 2136 3355 affert
2178 3303 2468 3367 mortem,
2500 3290 2611 3354 sed

702 3392 783 3456 ab
827 3390 1060 3455 innatis
1103 3390 1381 3455 tenebris
1420 3405 1789 3456 excusatur.
1886 3392 1951 3454 Si
1993 3415 2139 3456 vero
2174 3391 2314 3466 scit,
2361 3405 2425 3456 et
2467 3390 2610 3456 vult

705 3491 999 3578 aequitati
1053 3491 1311 3566 servire,
1358 3514 1474 3555 nec
1525 3504 1759 3577 potest,
1809 3513 1935 3555 non
1991 3505 2118 3556 tam
2174 3491 2462 3576 praesidis
2515 3508 2609 3556 est

701 3593 914 3677 culpa,
971 3614 1161 3676 quam
1219 3592 1544 3679 principiS.
1638 3593 1762 3658 Sed
1815 3593 1896 3656 ad
1958 3593 2322 3678 religionem
2374 3592 2611 3680 judicis

704 3693 841 3758 haec
885 3692 1106 3756 eadem
1150 3695 1488 3779 pertinere,
1518 3694 1940 3758 certissimum
1983 3707 2097 3776 est,
2146 3717 2345 3781 quum
2398 3695 2609 3779 ipsum

694 3794 861 3880 juris
889 3808 1180 3880 oporteat
1213 3795 1446 3859 habere
1475 3795 1793 3873 notitiam,
1825 3796 2218 3861 voluntatem
2244 3797 2417 3879 boni,
2450 3797 2613 3861 vires

704 3897 1085 3982 exequendi,
1136 3909 1200 3961 et
1253 3909 1642 3961 sacramento
1697 3897 1925 3961 debeat
1976 3919 2110 3962 esse
2154 3897 2401 3984 legibus
2450 3897 2610 3962 obli-

704 4011 931 4084 gatus;
999 4011 1069 4062 ut
1124 3999 1243 4063 sibi
1289 3998 1546 4062 omnino
1595 3998 1892 4064 illicitum
1944 3999 2213 4080 noverit,
2255 4000 2339 4064 ab
2386 4018 2604 4062 earum

708 4100 1063 4187 sinceritate
1093 4100 1424 4165 divertere.
1489 4101 1656 4164 Nam
1682 4100 1764 4165 de
1786 4101 2096 4186 sapientia
2125 4102 2282 4186 eju8‚
2303 4095 2614 4184 sapientia
2709 4170 2735 4171 j
2798 4170 2815 4171 „
2836 4170 2867 4171 fi

711 4199 917 4267 docet.
1030 4203 1077 4264 J
1084 4202 1278 4283 udex,
1332 4202 1548 4288 inquit
1607 4203 1882 4288 sapienS,
1931 4199 2252 4286 judicabit
2300 4196 2612 4284 populum

712 4324 922 4382 suum,
950 4315 1013 4366 et
1045 4303 1442 4388 principatus
1474 4302 1709 4367 sensati
1741 4301 1985 4367 stabilis
2015 4304 2153 4366 erit.
2243 4300 2618 4367 Secundum
2662 4332 2672 4343 ·

1646 4423 1695 4466 x
1724 4409 1766 4466 2
