3309 5309
694 663 838 708 οΔΡ.
870 644 1019 723 vn.]
1434 661 1944 708 PoLYcRAncth.
2484 652 2612 713 285

695 835 810 877 nec
832 834 1119 897 egressus
1137 835 1274 878 sum
1295 813 1548 878 ostium.
1599 813 1668 878 Si
1691 812 2024 878 adversum
2046 835 2147 878 me
2167 826 2337 880 terra
2354 815 2611 898 clamat,

696 928 760 981 et
783 937 931 980 cum
960 916 1102 1001 ipsa
1131 913 1287 979 sulci
1319 914 1459 1001 ejus
1489 913 1723 979 deflent
1749 939 1768 988 ς
1835 915 1885 978 si
1919 915 2170 979 fructus
2198 917 2340 1003 ejus
2367 919 2611 982 comedi

696 1017 940 1103 absque
983 1020 1274 1104 pecunia,
1312 1028 1376 1082 et
1422 1016 1693 1081 animam
1743 1015 2165 1100 agricolarum
2211 1019 2349 1105 ejus
2391 1019 2614 1099 afflixi,

698 1141 819 1205 pro
834 1118 1160 1183 frumento
1176 1117 1424 1182 oriatur
1442 1117 1597 1182 mihi
1616 1117 1919 1195 tribulus,
1937 1131 2000 1184 et
2019 1141 2137 1205 pro
2156 1118 2396 1185 hordeo
2413 1121 2615 1208 spina.

705 1223 805 1284 An
839 1242 964 1283 non
997 1219 1202 1283 credis
1231 1241 1376 1282 eum
1418 1216 1751 1283 ambulare
1777 1218 1843 1281 in
1871 1219 2211 1287 latitudine
2252 1221 2617 1288 delitiarum

703 1321 854 1398 Dei,
898 1320 1009 1406 qui
1053 1318 1135 1383 de
1179 1319 1371 1385 corde
1415 1341 1601 1405 puro,
1633 1332 1698 1384 et
1741 1319 2120 1387 conscientia
2164 1321 2353 1399 bona,
2384 1335 2449 1388 et
2491 1323 2620 1388 fide

702 1445 831 1486 non
861 1422 1033 1500 ficta,
1064 1423 1188 1487 sub
1215 1422 1673 1509 imprecatione
1710 1433 1893 1486 tanta
1929 1421 2012 1486 de
2056 1446 2121 1487 se
2163 1423 2288 1489 ista
2331 1424 2616 1492 fatetur?

705 1523 868 1600 Quis
916 1524 1183 1589 istorum
1248 1523 1587 1588 verborum
1638 1521 1957 1588 desiderat
2009 1523 2619 1610 interpretationem,

706 1636 820 1689 aut
850 1627 914 1688 in
948 1636 1126 1689 tanta
1158 1624 1473 1688 virtutum
1503 1624 1648 1688 luce
1681 1646 1804 1688 non
1836 1622 2059 1688 videt?
2112 1624 2402 1691 Nimium
2436 1627 2621 1712 plane

708 1725 903 1791 hebes
931 1738 1052 1803 est,
1077 1737 1142 1790 et
1171 1725 1383 1791 obtusi
1414 1724 1674 1810 ingenii,
1698 1725 1804 1789 cui
1833 1748 1950 1812 per
1980 1748 2045 1789 se
2074 1725 2197 1790 ista
2227 1748 2351 1791 non
2383 1726 2618 1794 lucent.

711 1831 786 1893 In
823 1849 1023 1892 unum
1054 1827 1157 1890 hic
1188 1825 1467 1913 plurima
1492 1837 1948 1912 congeruntur,
1968 1849 2245 1913 quorum
2271 1829 2372 1892 vel
2397 1851 2620 1907 unum,

709 1931 930 1995 orbem
991 1930 1309 2016 quendam
1374 1928 1693 1994 illustrare
1752 1933 2088 1995 sufficeret.
2178 1930 2250 1997 Si
2309 1931 2625 2019 principes

711 2032 897 2118 plura
917 2033 1150 2118 legere,
1171 2032 1267 2096 vel
1290 2030 1512 2096 audire
1530 2031 1892 2108 fastidiunt,
1913 2031 2131 2098 saltem
2164 2031 2285 2096 hoc
2300 2033 2625 2099 tantillum

712 2135 950 2221 legant,
1000 2135 1289 2216 audiant,
1342 2147 1408 2200 et
1460 2134 1874 2219 inquisitione
1931 2135 2226 2221 diligenti
2278 2134 2625 2201 discutiant

714 2237 869 2302 dum
891 2235 1239 2306 imitentur.
1301 2236 1610 2322 Sequitur
1631 2235 1798 2300 enim
1822 2236 1888 2300 in
1911 2235 2167 2301 eodem:
2220 2235 2286 2301 Si
2310 2236 2630 2303 audierint

719 2360 921 2422 reges,
975 2350 1040 2402 et
1086 2337 1562 2404 observaverint
1617 2360 1832 2402 vocem
1890 2338 2175 2417 Domini,
2217 2340 2631 2427 complebunt

719 2437 858 2502 dies
888 2461 1036 2503 suos
1065 2438 1129 2502 in
1159 2440 1350 2517 bono,
1381 2455 1444 2504 et
1485 2462 1683 2504 annos
1713 2462 1862 2504 suos
1903 2441 1970 2503 in
1999 2439 2223 2524 gloria.
2314 2440 2386 2507 Si
2414 2453 2631 2506 autem

719 2562 845 2605 non
869 2539 1210 2618 audierint,
1237 2541 1601 2607 transibunt
1624 2563 1741 2626 per
1773 2538 2080 2623 gladium,
2097 2553 2161 2604 et
2185 2553 2635 2605 consumentur

728 2640 1022 2708 stultitia.
1085 2641 1363 2707 Videsne
1391 2641 1720 2706 inutilium
1750 2661 1973 2724 regum
1999 2639 2321 2725 duplicem
2344 2641 2634 2706 exitum?

720 2747 856 2808 Aut
886 2743 1050 2808 enim
1084 2766 1199 2828 per
1227 2742 1515 2826 gladium
1549 2752 1905 2820 transeunt,
1933 2752 2047 2804 aut
2091 2740 2366 2806 stultitia
2407 2763 2637 2806 consu-

722 2856 1008 2909 muntur.
1084 2847 1176 2908 Et
1206 2854 1372 2906 recte
1397 2841 1703 2906 dicuntur
1734 2841 2000 2906 transire
2031 2863 2146 2926 per
2175 2840 2486 2926 gladium,
2509 2865 2634 2907 non

721 2943 920 3023 finiri,
946 2965 1022 3004 eo
1052 2940 1228 3026 quod
1267 2939 1524 3025 gladius
1552 2941 1741 3026 quasi
1782 2939 2045 3025 quidam
2077 2941 2385 3007 transitus
2422 2955 2518 3006 est
2547 2942 2639 3006 eis

719 3045 808 3109 ad
849 3043 1085 3119 locum,
1132 3041 1246 3106 ubi
1291 3041 1649 3131 secundum
1696 3041 2178 3107 multitudinem
2222 3042 2636 3127 iniquitatum

723 3165 1010 3225 suarum,
1033 3154 1323 3230 potentes
1353 3155 1647 3230 potenter
1681 3143 2058 3230 puniuntur.
2119 3142 2246 3210 Sed
2271 3156 2334 3208 et
2365 3143 2642 3209 stultitia

724 3246 1041 3313 consumit
1100 3247 1352 3332 impioS,
1397 3247 1549 3332 quia
1597 3246 1665 3312 in
1720 3246 2122 3332 depressione
2174 3245 2395 3333 populi
2445 3247 2641 3312 robur

727 3347 1032 3434 principis
1061 3361 1420 3414 enervatur.
1510 3348 1803 3435 Populus
1833 3370 2110 3432 namque
2150 3350 2488 3426 contritus,
2518 3348 2639 3412 eri-

729 3471 879 3536 gere
910 3449 1072 3514 vires
1101 3448 1405 3536 principis
1432 3472 1559 3515 non
1588 3462 1823 3535 potest,
1850 3463 1964 3515 aut
1992 3471 2118 3514 non
2149 3448 2310 3516 vult.

738 3788 895 3874 Cap.
928 3798 989 3855 7.
1039 3791 1202 3859 Quoe
1243 3793 1416 3855 mala
1464 3792 1566 3855 vel
1609 3792 1774 3854 bona
1818 3789 2110 3875 suffectis
2148 3795 2533 3876 proveniant
2575 3794 2654 3858 de

820 3892 1100 3956 moribus
1137 3895 1554 3975 principum:
1614 3893 1787 3974 quod
1826 3900 1890 3957 et
1942 3895 2301 3977 aliquorum
2346 3901 2653 3976 stratege-

823 3995 1068 4058 maticis
1099 3995 1434 4059 roboratur
1462 3996 1789 4077 exemplis.

827 4149 1065 4232 Qum,
1099 4150 1328 4238 inquit,
1359 4151 1469 4239 qui
1501 4151 1701 4217 mittit
1727 4151 2011 4238 lapidem
2040 4152 2108 4218 in
2140 4170 2436 4218 acet-rum
2472 4145 2653 4217 Mur-

742 4251 919 4331 curii,
951 4253 1040 4317 sic
1084 4254 1196 4340 qui
1225 4254 1338 4318 dat
1377 4254 1702 4340 insipienti
1740 4253 2068 4322 honorem.
2160 4254 2300 4318 Hm:
2328 4274 2368 4318 a
2396 4250 2464 4314 di
2605 4246 2625 4266 “
2664 4294 2666 4297 ψ
