3309 5309
372 648 409 706 18
630 657 767 702 Jonunrs
783 658 1060 703 sanusuunrunsrs
1199 639 1281 718 [urs.
1301 658 1323 702 1.

368 812 517 897 prodigit,
532 820 564 875 et
586 814 619 875 in
642 813 868 875 contumeliam
890 810 1030 875 auctoris
1043 809 1200 874 effundit?
1233 811 1323 882 Quid

367 937 406 979 eo
429 916 563 992 brutius,
579 915 635 996 qui
658 935 700 978 ex
722 913 852 977 defectu
874 913 1017 991 rationis,
1031 923 1065 976 et
1085 913 1225 997 impulsu
1247 913 1323 976 libi·

368 1016 464 1090 dinis,
481 1016 621 1079 dimissis
642 1015 792 1100 propriis,
808 1016 913 1079 aliena
933 1015 1063 1096 negotia
1085 1026 1184 1092 curat,
1199 1025 1231 1078 et
1252 1036 1321 1077 non

367 1117 464 1181 modo
479 1119 627 1199 negotiis,
643 1115 700 1181 sed
715 1128 747 1182 et
762 1118 877 1181 alienis
892 1117 973 1181 ociis
985 1115 1106 1200 jugiter
1120 1117 1320 1202 occupatur?

367 1220 454 1292 Quid
470 1242 508 1283 eo
524 1220 698 1297 bestialius,
710 1221 766 1305 qui
782 1220 901 1283 omisso
917 1219 1034 1294 offici0,
1047 1218 1087 1281 de
1101 1218 1208 1282 media
1222 1232 1320 1282 nocte

367 1323 476 1402 surgit,
506 1331 542 1384 ut
569 1322 740 1404 sagacitate
776 1343 904 1399 canum,
933 1330 1118 1383 venatorum
1150 1320 1319 1396 industria,

365 1422 471 1486 studio
501 1422 768 1499 commilitonum,
798 1421 993 1485 servulorum
1024 1420 1121 1483 fretus
1153 1423 1320 1506 obsequio,

364 1524 517 1607 temporis
528 1533 560 1587 et
574 1524 667 1588 tama
677 1524 815 1608 jactura,
827 1545 932 1587 rerum
942 1523 1125 1607 laborisque
1137 1522 1318 1608 dispendio,

365 1623 406 1688 de
420 1636 514 1690 nocte
530 1625 571 1688 ad
587 1635 717 1690 noctem
732 1635 853 1708 pugnet
868 1625 910 1688 ad
924 1622 1067 1689 bestias?

542 1899 622 1982 Cap.
638 1905 670 1960 2.
697 1898 787 1965 Quid
800 1900 836 1959 in
851 1896 970 1959 studiis
984 1899 1138 1960 alienum.

405 2026 568 2086 Amanum
582 2023 726 2107 profecto
742 2030 801 2097 est,
817 2020 906 2105 quod
921 2023 1001 2086 ratio
1014 2034 1135 2088 naturae
1151 2026 1201 2089 vel
1216 2027 1315 2091 officii

360 2144 425 2186 non
440 2122 575 2200 inducit,
590 2122 616 2184 si
632 2131 738 2185 tamen
754 2119 914 2184 interdum
928 2133 1015 2187 recte
1030 2124 1148 2188 dicitur
1163 2124 1314 2202 alienum,

360 2222 448 2306 quod
462 2222 580 2284 rectius
595 2221 697 2283 fuerat
714 2241 839 2302 semper
858 2221 953 2286 fuisse
968 2224 1097 2287 nullius.
1142 2226 1223 2297 Quae
1239 2248 1314 2290 sero

358 2335 479 2387 naturae
494 2332 579 2401 sunt,
593 2343 743 2406 peraeque
759 2332 834 2385 sunt
852 2323 1014 2401 omnium3
1044 2349 1115 2410 quae
1132 2328 1240 2405 officii,
1256 2350 1315 2392 sua

359 2435 433 2490 suut
453 2426 662 2506 singulorum.
707 2422 802 2488 Aliud
825 2424 934 2508 itaque
957 2447 999 2488 ex
1020 2428 1139 2506 officio,
1160 2428 1247 2492 aliud
1270 2452 1313 2494 ex

357 2535 488 2591 natura:
518 2529 595 2591 licet
609 2537 730 2590 naturae
746 2526 792 2589 vis
813 2547 855 2588 ex
871 2528 979 2590 officio
1002 2527 1164 2593 debeatur.
1209 2532 1314 2595 Parri-

357 2628 433 2693 cidii
448 2629 606 2715 siquidem
621 2629 745 2714 species
766 2637 825 2703 est,
841 2629 1027 2712 impugnare
1044 2631 1119 2715 jura
1134 2643 1266 2712 natnrae,
1281 2646 1314 2699 et

357 2733 512 2813 sacrilegii
541 2733 651 2806 instar,
677 2730 818 2814 parentis
848 2731 935 2812 leges
964 2752 1127 2810 evacuare,
1159 2743 1189 2796 et
1219 2738 1312 2800 matri

356 2834 496 2896 omnium
512 2834 664 2895 honorem
682 2832 827 2895 debitum
844 2853 910 2894 non
925 2833 1048 2897 referre.
1090 2835 1186 2906 Quod
1202 2846 1310 2902 tamen

354 2934 434 2997 ratio
450 2955 492 2997 cx
513 2932 658 2996 honestis
680 2933 785 2996 causis
807 2931 958 3010 admittit,
972 2955 1038 2996 non
1053 2943 1102 2997 est
1124 2936 1311 3019 simpliciter
1350 3004 1357 3017 ‚

354 3037 504 3099 alienum.
550 3034 584 3097 Si
614 3031 758 3097 modesta
787 3034 866 3096 sorte
891 3031 1087 3117 jucunditas,
1113 3037 1164 3097 vel
1188 3036 1310 3102 utilitas

353 3126 474 3216 subest,
488 3147 521 3200 et
541 3135 663 3200 nemini
684 3143 851 3210 noceatur,
866 3132 945 3210 (hoc
968 3133 1086 3197 etenim
1109 3155 1174 3197 non
1197 3136 1308 3200 adver·

353 3250 439 3302 satur
460 3239 567 3302 officio
582 3238 631 3300 vel
653 3240 808 3318 naturae3)
839 3236 888 3298 sin
912 3245 1016 3300 autem
1031 3236 1198 3319 impugnat
1213 3239 1307 3302 alter·

353 3350 468 3414 utrum,
490 3339 597 3400 statim
620 3350 668 3400 est
690 3349 723 3400 et
747 3337 934 3419 simpliciter
960 3337 1110 3411 alienum,
1134 3351 1166 3400 et
1192 3361 1307 3424 usque·

352 3456 479 3519 quaque
494 3435 659 3498 nonlicet.
704 3437 813 3521 Hujus
832 3437 941 3520 itaque
957 3439 1164 3503 contrectatio
1179 3461 1306 3525 semper

351 3547 409 3616 est,
425 3545 480 3600 aut
495 3535 610 3600 erroris
624 3545 680 3597 ant
695 3536 846 3598 criminis.

351 3809 431 3892 Cap.
447 3814 476 3872 3.
505 3807 706 3872 Distributio
725 3806 914 3892 officiorum,
935 3832 978 3872 erc
994 3815 1129 3892 politica
1150 3819 1305 3881 constitu·

699 3913 785 3973 tione
798 3917 953 3973 veterum.

339 4076 346 4114 ;
389 4045 601 4108 Pnnosonm
612 4043 767 4124 gentium,
774 4041 1022 4127 justitiam,quae
1031 4044 1164 4125 politica
1173 4044 1304 4133 dicitur,

345 4146 516 4233 praeceptis
536 4155 569 4210 et
587 4143 729 4208 moribus
749 4143 969 4223 informantes,
991 4145 1083 4229 cujus
1105 4145 1216 4208 merito
1238 4172 1304 4217 res.

343 4251 475 4333 publica
501 4247 665 4312 hominum
693 4244 839 4310 subsistit
865 4256 897 4308 et
925 4247 1019 4326 viget,
1042 4268 1303 4338 unumquemque
