<?xml version="1.0" encoding="UTF-8"?>
<!DOCTYPE html PUBLIC "-//W3C//DTD XHTML 1.0 Transitional//EN"
    "http://www.w3.org/TR/xhtml1/DTD/xhtml1-transitional.dtd">
<html xmlns="http://www.w3.org/1999/xhtml" xml:lang="en" lang="en">
 <head>
  <title>
</title>
<meta http-equiv="Content-Type" content="text/html;charset=utf-8" />
  <meta name='ocr-system' content='tesseract 3.04.00' />
  <meta name='ocr-capabilities' content='ocr_page ocr_carea ocr_par ocr_line ocrx_word'/>
</head>
<body>
  <div class='ocr_page' id='page_1' title='image "./joannissaresber04johngoog_0282.png"; bbox 0 0 3309 5309; ppageno 0'>
   <div class='ocr_carea' id='block_1_1' title="bbox 435 669 1394 748">
    <p class='ocr_par' dir='ltr' id='par_1_1' title="bbox 435 669 1394 748">
     <span class='ocr_line' id='line_1_1' title="bbox 435 669 1394 748; baseline -0.007 -10"><span class='ocrx_word' id='word_1_1' title='bbox 435 679 498 738; x_wconf 72' lang='lat'><strong>266</strong></span> <span class='ocrx_word' id='word_1_2' title='bbox 691 689 830 734; x_wconf 80' lang='lat' dir='ltr'><strong>romnus</strong></span> <span class='ocrx_word' id='word_1_3' title='bbox 844 686 1127 732; x_wconf 75' lang='lat' dir='ltr'><strong>arnasanaransrs</strong></span> <span class='ocrx_word' id='word_1_4' title='bbox 1263 669 1347 748; x_wconf 77' lang='lat' dir='ltr'><strong>[nra.</strong></span> <span class='ocrx_word' id='word_1_5' title='bbox 1363 688 1394 732; x_wconf 87' lang='lat' dir='ltr'><strong>v.</strong></span> 
     </span>
    </p>
   </div>
   <div class='ocr_carea' id='block_1_2' title="bbox 438 836 1413 4366">
    <p class='ocr_par' dir='ltr' id='par_1_2' title="bbox 438 836 1413 4366">
     <span class='ocr_line' id='line_1_2' title="bbox 438 836 1395 928; baseline -0.006 -22"><span class='ocrx_word' id='word_1_6' title='bbox 438 841 596 928; x_wconf 88' lang='lat' dir='ltr'><strong>depictus,</strong></span> <span class='ocrx_word' id='word_1_7' title='bbox 615 839 795 915; x_wconf 83' lang='lat' dir='ltr'><strong>Pontifices,</strong></span> <span class='ocrx_word' id='word_1_8' title='bbox 816 842 978 923; x_wconf 79' lang='lat' dir='ltr'>Augures,</span> <span class='ocrx_word' id='word_1_9' title='bbox 1001 850 1033 902; x_wconf 91' lang='lat' dir='ltr'><strong>et</strong></span> <span class='ocrx_word' id='word_1_10' title='bbox 1049 836 1299 901; x_wconf 82' lang='lat' dir='ltr'><strong>sacerdotiorum</strong></span> <span class='ocrx_word' id='word_1_11' title='bbox 1315 836 1395 911; x_wconf 87' lang='lat' dir='ltr'><strong>varii</strong></span> 
     </span>
     <span class='ocr_line' id='line_1_3' title="bbox 438 936 1396 1027; baseline -0.007 -21"><span class='ocrx_word' id='word_1_12' title='bbox 438 940 668 1027; x_wconf 69' lang='lat' dir='ltr'><strong>ritus,‘quibus</strong></span> <span class='ocrx_word' id='word_1_13' title='bbox 687 941 736 1005; x_wconf 88' lang='lat' dir='ltr'><strong>ita</strong></span> <span class='ocrx_word' id='word_1_14' title='bbox 754 938 932 1004; x_wconf 82' lang='lat' dir='ltr'><strong>barbariem</strong></span> <span class='ocrx_word' id='word_1_15' title='bbox 952 937 1134 1022; x_wconf 89' lang='lat' dir='ltr'><strong>occupavit,</strong></span> <span class='ocrx_word' id='word_1_16' title='bbox 1154 949 1192 1001; x_wconf 89' lang='lat' dir='ltr'><strong>ut</strong></span> <span class='ocrx_word' id='word_1_17' title='bbox 1213 938 1255 1001; x_wconf 92' lang='lat' dir='ltr'><strong>ab</strong></span> <span class='ocrx_word' id='word_1_18' title='bbox 1270 936 1396 1022; x_wconf 87' lang='lat' dir='ltr'><strong>injuriis</strong></span> 
     </span>
     <span class='ocr_line' id='line_1_4' title="bbox 439 1038 1394 1129; baseline -0.006 -20"><span class='ocrx_word' id='word_1_19' title='bbox 439 1054 663 1129; x_wconf 78' lang='lat' dir='ltr'><strong>temperarent,</strong></span> <span class='ocrx_word' id='word_1_20' title='bbox 678 1041 870 1106; x_wconf 81' lang='lat' dir='ltr'><strong>feriarentur</strong></span> <span class='ocrx_word' id='word_1_21' title='bbox 885 1041 927 1104; x_wconf 90' lang='lat' dir='ltr'><strong>ab</strong></span> <span class='ocrx_word' id='word_1_22' title='bbox 948 1042 1056 1118; x_wconf 88' lang='lat' dir='ltr'><strong>armis,</strong></span> <span class='ocrx_word' id='word_1_23' title='bbox 1066 1038 1226 1124; x_wconf 87' lang='lat' dir='ltr'><strong>justitiam</strong></span> <span class='ocrx_word' id='word_1_24' title='bbox 1242 1039 1394 1115; x_wconf 90' lang='lat' dir='ltr'><strong>colerent,</strong></span> 
     </span>
     <span class='ocr_line' id='line_1_5' title="bbox 440 1140 1394 1227; baseline -0.005 -19"><span class='ocrx_word' id='word_1_25' title='bbox 440 1157 473 1209; x_wconf 88' lang='lat' dir='ltr'><strong>et</strong></span> <span class='ocrx_word' id='word_1_26' title='bbox 492 1143 615 1208; x_wconf 85' lang='lat' dir='ltr'><strong>civilem</strong></span> <span class='ocrx_word' id='word_1_27' title='bbox 637 1141 696 1206; x_wconf 86' lang='lat' dir='ltr'><strong>sibi</strong></span> <span class='ocrx_word' id='word_1_28' title='bbox 718 1142 853 1206; x_wconf 85' lang='lat' dir='ltr'><strong>invicem</strong></span> <span class='ocrx_word' id='word_1_29' title='bbox 875 1140 1076 1227; x_wconf 86' lang='lat' dir='ltr'><strong>impartirent</strong></span> <span class='ocrx_word' id='word_1_30' title='bbox 1095 1140 1268 1213; x_wconf 69' lang='lat' dir='ltr'><strong>affectum</strong></span> <span class='ocrx_word' id='word_1_31' title='bbox 1291 1162 1394 1225; x_wconf 88' lang='lat' dir='ltr'><strong>eoque</strong></span> 
     </span>
     <span class='ocr_line' id='line_1_6' title="bbox 440 1239 1393 1328; baseline -0.007 -18"><span class='ocrx_word' id='word_1_32' title='bbox 440 1246 578 1310; x_wconf 87' lang='lat' dir='ltr'><strong>ferocem</strong></span> <span class='ocrx_word' id='word_1_33' title='bbox 597 1243 721 1327; x_wconf 81' lang='lat' dir='ltr'><strong>redegit</strong></span> <span class='ocrx_word' id='word_1_34' title='bbox 744 1241 913 1328; x_wconf 92' lang='lat' dir='ltr'><strong>populum,</strong></span> <span class='ocrx_word' id='word_1_35' title='bbox 935 1255 972 1305; x_wconf 93' lang='lat' dir='ltr'><strong>ut</strong></span> <span class='ocrx_word' id='word_1_36' title='bbox 986 1239 1170 1326; x_wconf 90' lang='lat' dir='ltr'><strong>imperium,</strong></span> <span class='ocrx_word' id='word_1_37' title='bbox 1192 1241 1282 1326; x_wconf 91' lang='lat' dir='ltr'><strong>quod</strong></span> <span class='ocrx_word' id='word_1_38' title='bbox 1298 1241 1328 1303; x_wconf 87' lang='lat' dir='ltr'><strong>vi</strong></span> <span class='ocrx_word' id='word_1_39' title='bbox 1344 1243 1393 1320; x_wconf 86' lang='lat' dir='ltr'><strong>(ut</strong></span> 
     </span>
     <span class='ocr_line' id='line_1_7' title="bbox 441 1338 1395 1424; baseline -0.006 -18"><span class='ocrx_word' id='word_1_40' title='bbox 441 1341 573 1418; x_wconf 87' lang='lat' dir='ltr'><strong>dicitur)</strong></span> <span class='ocrx_word' id='word_1_41' title='bbox 598 1352 630 1403; x_wconf 90' lang='lat' dir='ltr'><strong>et</strong></span> <span class='ocrx_word' id='word_1_42' title='bbox 655 1338 772 1424; x_wconf 78' lang='lat' dir='ltr'><strong>injuria</strong></span> <span class='ocrx_word' id='word_1_43' title='bbox 795 1350 1019 1424; x_wconf 87' lang='lat' dir='ltr'><strong>occupaverat,</strong></span> <span class='ocrx_word' id='word_1_44' title='bbox 1044 1338 1182 1423; x_wconf 82' lang='lat' dir='ltr'><strong>justitiae</strong></span> <span class='ocrx_word' id='word_1_45' title='bbox 1211 1350 1244 1407; x_wconf 86' lang='lat' dir='ltr'><strong>et</strong></span> <span class='ocrx_word' id='word_1_46' title='bbox 1267 1338 1395 1423; x_wconf 90' lang='lat' dir='ltr'><strong>pietatis</strong></span> 
     </span>
     <span class='ocr_line' id='line_1_8' title="bbox 440 1439 1395 1528; baseline 0 -23"><span class='ocrx_word' id='word_1_47' title='bbox 440 1442 570 1528; x_wconf 87' lang='lat' dir='ltr'><strong>legibus</strong></span> <span class='ocrx_word' id='word_1_48' title='bbox 593 1440 728 1507; x_wconf 77' lang='lat' dir='ltr'><strong>feliciter</strong></span> <span class='ocrx_word' id='word_1_49' title='bbox 746 1441 950 1526; x_wconf 83' lang='lat' dir='ltr'><strong>gubernaret.</strong></span> <span class='ocrx_word' id='word_1_50' title='bbox 995 1439 1058 1504; x_wconf 92' lang='lat' dir='ltr'><strong>Sed</strong></span> <span class='ocrx_word' id='word_1_51' title='bbox 1086 1439 1165 1526; x_wconf 91' lang='lat' dir='ltr'><strong>quid</strong></span> <span class='ocrx_word' id='word_1_52' title='bbox 1181 1440 1312 1526; x_wconf 90' lang='lat' dir='ltr'><strong>profero</strong></span> <span class='ocrx_word' id='word_1_53' title='bbox 1327 1444 1395 1505; x_wconf 91' lang='lat' dir='ltr'><strong>Nu-</strong></span> 
     </span>
     <span class='ocr_line' id='line_1_9' title="bbox 443 1541 1398 1629; baseline -0.006 -19"><span class='ocrx_word' id='word_1_54' title='bbox 443 1541 1238 1629; x_wconf 83' lang='lat' dir='ltr'><strong>mam,quumetpatresiideinostrae,reterislegis</strong></span> <span class='ocrx_word' id='word_1_55' title='bbox 1247 1541 1398 1606; x_wconf 89' lang='lat' dir='ltr'><strong>sacrificia</strong></span> 
     </span>
     <span class='ocr_line' id='line_1_10' title="bbox 443 1642 1397 1730; baseline -0.004 -19"><span class='ocrx_word' id='word_1_56' title='bbox 443 1658 584 1711; x_wconf 84' lang='lat' dir='ltr'><strong>asserant</strong></span> <span class='ocrx_word' id='word_1_57' title='bbox 606 1644 764 1722; x_wconf 87' lang='lat' dir='ltr'><strong>instituta,</strong></span> <span class='ocrx_word' id='word_1_58' title='bbox 785 1667 825 1708; x_wconf 93' lang='lat' dir='ltr'><strong>ne</strong></span> <span class='ocrx_word' id='word_1_59' title='bbox 847 1645 880 1707; x_wconf 90' lang='lat' dir='ltr'><strong>in</strong></span> <span class='ocrx_word' id='word_1_60' title='bbox 903 1643 1132 1709; x_wconf 69' lang='lat' dir='ltr'><strong>daemoniorum</strong></span> <span class='ocrx_word' id='word_1_61' title='bbox 1155 1643 1246 1708; x_wconf 89' lang='lat' dir='ltr'><strong>cultu</strong></span> <span class='ocrx_word' id='word_1_62' title='bbox 1258 1642 1397 1730; x_wconf 91' lang='lat' dir='ltr'><strong>populus</strong></span> 
     </span>
     <span class='ocr_line' id='line_1_11' title="bbox 444 1745 1397 1833; baseline -0.001 -23"><span class='ocrx_word' id='word_1_63' title='bbox 444 1763 637 1833; x_wconf 85' lang='lat' dir='ltr'><strong>occupatus,</strong></span> <span class='ocrx_word' id='word_1_64' title='bbox 644 1769 725 1812; x_wconf 85' lang='lat' dir='ltr'><strong>rerae</strong></span> <span class='ocrx_word' id='word_1_65' title='bbox 737 1745 897 1831; x_wconf 83' lang='lat' dir='ltr'><strong>religionis</strong></span> <span class='ocrx_word' id='word_1_66' title='bbox 906 1745 1081 1810; x_wconf 78' lang='lat' dir='ltr'><strong>dedisceret</strong></span> <span class='ocrx_word' id='word_1_67' title='bbox 1093 1745 1229 1825; x_wconf 90' lang='lat' dir='ltr'><strong>cultum,</strong></span> <span class='ocrx_word' id='word_1_68' title='bbox 1238 1746 1305 1810; x_wconf 90' lang='lat' dir='ltr'><strong>ritu</strong></span> <span class='ocrx_word' id='word_1_69' title='bbox 1320 1768 1397 1830; x_wconf 88' lang='lat' dir='ltr'><strong>gen·</strong></span> 
     </span>
     <span class='ocr_line' id='line_1_12' title="bbox 446 1847 1396 1923; baseline -0.005 -7"><span class='ocrx_word' id='word_1_70' title='bbox 446 1849 527 1917; x_wconf 81' lang='lat' dir='ltr'><strong>tium</strong></span> <span class='ocrx_word' id='word_1_71' title='bbox 543 1848 695 1914; x_wconf 86' lang='lat' dir='ltr'><strong>sacrificia</strong></span> <span class='ocrx_word' id='word_1_72' title='bbox 717 1871 775 1913; x_wconf 89' lang='lat' dir='ltr'><strong>sna</strong></span> <span class='ocrx_word' id='word_1_73' title='bbox 789 1847 957 1913; x_wconf 80' lang='lat' dir='ltr'><strong>daemoniis</strong></span> <span class='ocrx_word' id='word_1_74' title='bbox 980 1847 1154 1923; x_wconf 91' lang='lat' dir='ltr'><strong>immolans,</strong></span> <span class='ocrx_word' id='word_1_75' title='bbox 1177 1861 1209 1914; x_wconf 90' lang='lat' dir='ltr'><strong>et</strong></span> <span class='ocrx_word' id='word_1_76' title='bbox 1224 1871 1286 1911; x_wconf 91' lang='lat' dir='ltr'><strong>non</strong></span> <span class='ocrx_word' id='word_1_77' title='bbox 1304 1851 1396 1912; x_wconf 84' lang='lat' dir='ltr'><strong>Deo?</strong></span> 
     </span>
     <span class='ocr_line' id='line_1_13' title="bbox 446 1948 1396 2037; baseline -0.008 -19"><span class='ocrx_word' id='word_1_78' title='bbox 446 1950 574 2018; x_wconf 84' lang='lat' dir='ltr'><strong>Colitur</strong></span> <span class='ocrx_word' id='word_1_79' title='bbox 584 1973 661 2037; x_wconf 86' lang='lat' dir='ltr'><strong>ergo</strong></span> <span class='ocrx_word' id='word_1_80' title='bbox 672 1954 774 2028; x_wconf 90' lang='lat' dir='ltr'><strong>Deus,</strong></span> <span class='ocrx_word' id='word_1_81' title='bbox 789 1963 846 2015; x_wconf 89' lang='lat' dir='ltr'><strong>aut</strong></span> <span class='ocrx_word' id='word_1_82' title='bbox 858 1950 973 2014; x_wconf 85' lang='lat' dir='ltr'><strong>affectu</strong></span> <span class='ocrx_word' id='word_1_83' title='bbox 990 1948 1117 2023; x_wconf 85' lang='lat' dir='ltr'><strong>mantis,</strong></span> <span class='ocrx_word' id='word_1_84' title='bbox 1129 1963 1186 2013; x_wconf 90' lang='lat' dir='ltr'><strong>aut</strong></span> <span class='ocrx_word' id='word_1_85' title='bbox 1200 1948 1396 2014; x_wconf 86' lang='lat' dir='ltr'><strong>exhibitione</strong></span> 
     </span>
     <span class='ocr_line' id='line_1_14' title="bbox 445 2050 1399 2138; baseline -0.004 -20"><span class='ocrx_word' id='word_1_86' title='bbox 445 2052 571 2138; x_wconf 84' lang='lat' dir='ltr'><strong>operis..</strong></span> <span class='ocrx_word' id='word_1_87' title='bbox 598 2052 664 2118; x_wconf 85' lang='lat' dir='ltr'><strong>sed</strong></span> <span class='ocrx_word' id='word_1_88' title='bbox 676 2057 810 2118; x_wconf 87' lang='lat' dir='ltr'><strong>affectus</strong></span> <span class='ocrx_word' id='word_1_89' title='bbox 824 2051 1002 2118; x_wconf 77' lang='lat' dir='ltr'><strong>dilectionis</strong></span> <span class='ocrx_word' id='word_1_90' title='bbox 1024 2051 1128 2138; x_wconf 83' lang='lat' dir='ltr'><strong>ipsum¹</strong></span> <span class='ocrx_word' id='word_1_91' title='bbox 1153 2074 1233 2137; x_wconf 92' lang='lat' dir='ltr'><strong>pure</strong></span> <span class='ocrx_word' id='word_1_92' title='bbox 1256 2050 1399 2136; x_wconf 89' lang='lat' dir='ltr'><strong>attingit,</strong></span> 
     </span>
     <span class='ocr_line' id='line_1_15' title="bbox 444 2153 1397 2240; baseline -0.001 -23"><span class='ocrx_word' id='word_1_93' title='bbox 444 2153 520 2219; x_wconf 89' lang='lat' dir='ltr'><strong>licet</strong></span> <span class='ocrx_word' id='word_1_94' title='bbox 532 2153 641 2240; x_wconf 89' lang='lat' dir='ltr'><strong>aliquo</strong></span> <span class='ocrx_word' id='word_1_95' title='bbox 650 2177 742 2218; x_wconf 90' lang='lat' dir='ltr'><strong>sensu</strong></span> <span class='ocrx_word' id='word_1_96' title='bbox 752 2155 893 2239; x_wconf 88' lang='lat' dir='ltr'><strong>corporis</strong></span> <span class='ocrx_word' id='word_1_97' title='bbox 899 2154 948 2217; x_wconf 91' lang='lat' dir='ltr'><strong>vel</strong></span> <span class='ocrx_word' id='word_1_98' title='bbox 955 2153 1164 2230; x_wconf 89' lang='lat' dir='ltr'><strong>animae,dum</strong></span> <span class='ocrx_word' id='word_1_99' title='bbox 1175 2154 1397 2240; x_wconf 84' lang='lat' dir='ltr'><strong>peregrinatur</strong></span> 
     </span>
     <span class='ocr_line' id='line_1_16' title="bbox 447 2253 1398 2341; baseline -0.001 -23"><span class='ocrx_word' id='word_1_100' title='bbox 447 2276 467 2318; x_wconf 94' lang='lat' dir='ltr'><strong>a</strong></span> <span class='ocrx_word' id='word_1_101' title='bbox 487 2254 638 2329; x_wconf 90' lang='lat' dir='ltr'><strong>Domino,</strong></span> <span class='ocrx_word' id='word_1_102' title='bbox 654 2269 685 2317; x_wconf 88' lang='lat' dir='ltr'><strong>et</strong></span> <span class='ocrx_word' id='word_1_103' title='bbox 701 2277 789 2318; x_wconf 81' lang='lat' dir='ltr'><strong>mens</strong></span> <span class='ocrx_word' id='word_1_104' title='bbox 804 2254 885 2318; x_wconf 89' lang='lat' dir='ltr'><strong>mole</strong></span> <span class='ocrx_word' id='word_1_105' title='bbox 900 2255 1041 2340; x_wconf 89' lang='lat' dir='ltr'><strong>corporis</strong></span> <span class='ocrx_word' id='word_1_106' title='bbox 1057 2269 1291 2341; x_wconf 83' lang='lat' dir='ltr'><strong>praegravatur,</strong></span> <span class='ocrx_word' id='word_1_107' title='bbox 1306 2253 1398 2339; x_wconf 88' lang='lat' dir='ltr'><strong>plene</strong></span> 
     </span>
     <span class='ocr_line' id='line_1_17' title="bbox 444 2354 1399 2439; baseline 0.002 -20"><span class='ocrx_word' id='word_1_108' title='bbox 444 2365 584 2439; x_wconf 87' lang='lat' dir='ltr'><strong>nequeat</strong></span> <span class='ocrx_word' id='word_1_109' title='bbox 594 2354 837 2439; x_wconf 86' lang='lat' dir='ltr'><strong>comprehendi;</strong></span> <span class='ocrx_word' id='word_1_110' title='bbox 854 2369 886 2420; x_wconf 90' lang='lat' dir='ltr'><strong>et</strong></span> <span class='ocrx_word' id='word_1_111' title='bbox 901 2370 1035 2421; x_wconf 77' lang='lat' dir='ltr'><strong>certeco</strong></span> <span class='ocrx_word' id='word_1_112' title='bbox 1045 2369 1170 2421; x_wconf 89' lang='lat' dir='ltr'><strong>amatur</strong></span> <span class='ocrx_word' id='word_1_113' title='bbox 1181 2356 1399 2433; x_wconf 88' lang='lat' dir='ltr'><strong>ardentius‚·et</strong></span> 
     </span>
     <span class='ocr_line' id='line_1_18' title="bbox 448 2454 1399 2542; baseline 0.003 -23"><span class='ocrx_word' id='word_1_114' title='bbox 448 2454 621 2520; x_wconf 82' lang='lat' dir='ltr'><strong>studiosius</strong></span> <span class='ocrx_word' id='word_1_115' title='bbox 635 2456 801 2542; x_wconf 83' lang='lat' dir='ltr'><strong>quaeritnr,</strong></span> <span class='ocrx_word' id='word_1_116' title='bbox 817 2481 884 2541; x_wconf 90' lang='lat' dir='ltr'><strong>quo</strong></span> <span class='ocrx_word' id='word_1_117' title='bbox 903 2457 1041 2523; x_wconf 88' lang='lat' dir='ltr'><strong>altitudo</strong></span> <span class='ocrx_word' id='word_1_118' title='bbox 1063 2471 1096 2523; x_wconf 92' lang='lat' dir='ltr'><strong>et</strong></span> <span class='ocrx_word' id='word_1_119' title='bbox 1109 2459 1305 2524; x_wconf 81' lang='lat' dir='ltr'><strong>immensitas</strong></span> <span class='ocrx_word' id='word_1_120' title='bbox 1319 2458 1399 2522; x_wconf 90' lang='lat' dir='ltr'><strong>divi-</strong></span> 
     </span>
     <span class='ocr_line' id='line_1_19' title="bbox 448 2555 1413 2647; baseline -0.001 -25"><span class='ocrx_word' id='word_1_121' title='bbox 448 2555 562 2622; x_wconf 88' lang='lat' dir='ltr'><strong>tiarum</strong></span> <span class='ocrx_word' id='word_1_122' title='bbox 585 2557 793 2638; x_wconf 78' lang='lat' dir='ltr'><strong>potentiaect</strong></span> <span class='ocrx_word' id='word_1_123' title='bbox 814 2558 977 2643; x_wconf 78' lang='lat' dir='ltr'><strong>sapientiae</strong></span> <span class='ocrx_word' id='word_1_124' title='bbox 1003 2581 1068 2625; x_wconf 88' lang='lat' dir='ltr'><strong>suae</strong></span> <span class='ocrx_word' id='word_1_125' title='bbox 1090 2581 1217 2623; x_wconf 88' lang='lat' dir='ltr'><strong>omnem</strong></span> <span class='ocrx_word' id='word_1_126' title='bbox 1243 2573 1413 2647; x_wconf 82' lang='lat' dir='ltr'><strong>exuperat.</strong></span> 
     </span>
     <span class='ocr_line' id='line_1_20' title="bbox 448 2658 1400 2729; baseline 0.003 -5"><span class='ocrx_word' id='word_1_127' title='bbox 448 2658 659 2727; x_wconf 90' lang='lat' dir='ltr'><strong>intellectum:</strong></span> <span class='ocrx_word' id='word_1_128' title='bbox 691 2660 811 2726; x_wconf 88' lang='lat' dir='ltr'><strong>virtute</strong></span> <span class='ocrx_word' id='word_1_129' title='bbox 836 2677 939 2727; x_wconf 87' lang='lat' dir='ltr'><strong>tamen</strong></span> <span class='ocrx_word' id='word_1_130' title='bbox 964 2675 1057 2726; x_wconf 84' lang='lat' dir='ltr'><strong>tanta</strong></span> <span class='ocrx_word' id='word_1_131' title='bbox 1076 2662 1199 2726; x_wconf 85' lang='lat' dir='ltr'><strong>omnem</strong></span> <span class='ocrx_word' id='word_1_132' title='bbox 1221 2678 1400 2729; x_wconf 89' lang='lat' dir='ltr'><strong>creaturam</strong></span> 
     </span>
     <span class='ocr_line' id='line_1_21' title="bbox 447 2758 1400 2851; baseline 0.002 -25"><span class='ocrx_word' id='word_1_133' title='bbox 447 2758 606 2841; x_wconf 84' lang='lat' dir='ltr'><strong>circumit,</strong></span> <span class='ocrx_word' id='word_1_134' title='bbox 620 2775 777 2847; x_wconf 84' lang='lat' dir='ltr'><strong>penetrat,</strong></span> <span class='ocrx_word' id='word_1_135' title='bbox 790 2763 915 2849; x_wconf 86' lang='lat' dir='ltr'><strong>implet,</strong></span> <span class='ocrx_word' id='word_1_136' title='bbox 929 2777 962 2828; x_wconf 91' lang='lat' dir='ltr'><strong>et</strong></span> <span class='ocrx_word' id='word_1_137' title='bbox 976 2765 1129 2849; x_wconf 81' lang='lat' dir='ltr'><strong>protegit,</strong></span> <span class='ocrx_word' id='word_1_138' title='bbox 1144 2778 1182 2829; x_wconf 85' lang='lat' dir='ltr'><strong>ut</strong></span> <span class='ocrx_word' id='word_1_139' title='bbox 1196 2786 1400 2851; x_wconf 87' lang='lat' dir='ltr'><strong>nequaquam</strong></span> 
     </span>
     <span class='ocr_line' id='line_1_22' title="bbox 444 2860 1401 2953; baseline 0.003 -24"><span class='ocrx_word' id='word_1_140' title='bbox 444 2860 548 2929; x_wconf 85' lang='lat' dir='ltr'><strong>latere</strong></span> <span class='ocrx_word' id='word_1_141' title='bbox 559 2861 662 2927; x_wconf 86' lang='lat' dir='ltr'><strong>valeat</strong></span> <span class='ocrx_word' id='word_1_142' title='bbox 675 2863 850 2949; x_wconf 81' lang='lat' dir='ltr'><strong>quamlibet</strong></span> <span class='ocrx_word' id='word_1_143' title='bbox 861 2864 1079 2930; x_wconf 85' lang='lat' dir='ltr'><strong>rationabilem</strong></span> <span class='ocrx_word' id='word_1_144' title='bbox 1095 2879 1283 2931; x_wconf 86' lang='lat' dir='ltr'><strong>creaturam.</strong></span> <span class='ocrx_word' id='word_1_145' title='bbox 1323 2868 1401 2953; x_wconf 86' lang='lat' dir='ltr'><strong>Ipsa</strong></span> 
     </span>
     <span class='ocr_line' id='line_1_23' title="bbox 448 2963 1401 3050; baseline 0.004 -23"><span class='ocrx_word' id='word_1_146' title='bbox 448 2983 579 3048; x_wconf 85' lang='lat' dir='ltr'><strong>quoque</strong></span> <span class='ocrx_word' id='word_1_147' title='bbox 604 2963 833 3030; x_wconf 86' lang='lat' dir='ltr'><strong>irrationabilia</strong></span> <span class='ocrx_word' id='word_1_148' title='bbox 855 2966 961 3050; x_wconf 89' lang='lat' dir='ltr'><strong>ipsum</strong></span> <span class='ocrx_word' id='word_1_149' title='bbox 990 2988 1068 3044; x_wconf 89' lang='lat' dir='ltr'><strong>esse,</strong></span> <span class='ocrx_word' id='word_1_150' title='bbox 1089 2978 1121 3030; x_wconf 86' lang='lat' dir='ltr'><strong>ct</strong></span> <span class='ocrx_word' id='word_1_151' title='bbox 1145 2967 1241 3030; x_wconf 88' lang='lat' dir='ltr'><strong>talem</strong></span> <span class='ocrx_word' id='word_1_152' title='bbox 1266 2986 1345 3042; x_wconf 85' lang='lat' dir='ltr'><strong>esse,</strong></span> <span class='ocrx_word' id='word_1_153' title='bbox 1367 2984 1401 3032; x_wconf 89' lang='lat' dir='ltr'><strong>et</strong></span> 
     </span>
     <span class='ocr_line' id='line_1_24' title="bbox 449 3065 1400 3154; baseline 0.005 -26"><span class='ocrx_word' id='word_1_154' title='bbox 449 3077 587 3142; x_wconf 87' lang='lat' dir='ltr'><strong>tantum,</strong></span> <span class='ocrx_word' id='word_1_155' title='bbox 602 3065 749 3150; x_wconf 88' lang='lat' dir='ltr'><strong>plurimis</strong></span> <span class='ocrx_word' id='word_1_156' title='bbox 762 3066 896 3130; x_wconf 73' lang='lat' dir='ltr'><strong>indiciis</strong></span> <span class='ocrx_word' id='word_1_157' title='bbox 908 3079 1134 3152; x_wconf 87' lang='lat' dir='ltr'><strong>protestantur·</strong></span> <span class='ocrx_word' id='word_1_158' title='bbox 1183 3068 1271 3132; x_wconf 89' lang='lat' dir='ltr'><strong>Miro</strong></span> <span class='ocrx_word' id='word_1_159' title='bbox 1288 3070 1400 3154; x_wconf 74' lang='lat' dir='ltr'><strong>itaque</strong></span> 
     </span>
     <span class='ocr_line' id='line_1_25' title="bbox 448 3167 1401 3254; baseline 0.005 -24"><span class='ocrx_word' id='word_1_160' title='bbox 448 3167 545 3232; x_wconf 91' lang='lat' dir='ltr'><strong>modo</strong></span> <span class='ocrx_word' id='word_1_161' title='bbox 559 3168 603 3233; x_wconf 88' lang='lat' dir='ltr'><strong>sic</strong></span> <span class='ocrx_word' id='word_1_162' title='bbox 614 3167 855 3254; x_wconf 80' lang='lat' dir='ltr'><strong>intelligentiam</strong></span> <span class='ocrx_word' id='word_1_163' title='bbox 871 3168 918 3234; x_wconf 87' lang='lat' dir='ltr'><strong>sui</strong></span> <span class='ocrx_word' id='word_1_164' title='bbox 930 3170 1083 3247; x_wconf 86' lang='lat' dir='ltr'><strong>infundit,</strong></span> <span class='ocrx_word' id='word_1_165' title='bbox 1096 3183 1133 3235; x_wconf 90' lang='lat' dir='ltr'><strong>ut</strong></span> <span class='ocrx_word' id='word_1_166' title='bbox 1149 3170 1332 3235; x_wconf 89' lang='lat' dir='ltr'><strong>subtrahat:</strong></span> <span class='ocrx_word' id='word_1_167' title='bbox 1346 3171 1401 3235; x_wconf 64' lang='lat' dir='ltr'><strong>‘sic</strong></span> 
     </span>
     <span class='ocr_line' id='line_1_26' title="bbox 446 3268 1400 3346; baseline 0.002 -14"><span class='ocrx_word' id='word_1_168' title='bbox 446 3268 622 3346; x_wconf 84' lang='lat' dir='ltr'><strong>subtrahit,</strong></span> <span class='ocrx_word' id='word_1_169' title='bbox 640 3269 848 3346; x_wconf 84' lang='lat' dir='ltr'><strong>utinfnndat,</strong></span> <span class='ocrx_word' id='word_1_170' title='bbox 858 3283 896 3334; x_wconf 34' lang='lat' dir='ltr'><strong>⁸et</strong></span> <span class='ocrx_word' id='word_1_171' title='bbox 911 3269 1086 3334; x_wconf 89' lang='lat' dir='ltr'><strong>secundum</strong></span> <span class='ocrx_word' id='word_1_172' title='bbox 1110 3292 1290 3336; x_wconf 89' lang='lat' dir='ltr'><strong>mensuram</strong></span> <span class='ocrx_word' id='word_1_173' title='bbox 1306 3272 1400 3336; x_wconf 86' lang='lat' dir='ltr'><strong>bene·</strong></span> 
     </span>
     <span class='ocr_line' id='line_1_27' title="bbox 451 3369 1402 3457; baseline 0.003 -24"><span class='ocrx_word' id='word_1_174' title='bbox 451 3369 622 3453; x_wconf 83' lang='lat' dir='ltr'><strong>placitiaui</strong></span> <span class='ocrx_word' id='word_1_175' title='bbox 635 3371 679 3435; x_wconf 89' lang='lat' dir='ltr'><strong>sic</strong></span> <span class='ocrx_word' id='word_1_176' title='bbox 688 3385 842 3457; x_wconf 86' lang='lat' dir='ltr'><strong>operatur</strong></span> <span class='ocrx_word' id='word_1_177' title='bbox 856 3372 889 3436; x_wconf 92' lang='lat' dir='ltr'><strong>in</strong></span> <span class='ocrx_word' id='word_1_178' title='bbox 901 3370 1045 3456; x_wconf 85' lang='lat' dir='ltr'><strong>singulis,</strong></span> <span class='ocrx_word' id='word_1_179' title='bbox 1057 3384 1094 3436; x_wconf 92' lang='lat' dir='ltr'><strong>ut</strong></span> <span class='ocrx_word' id='word_1_180' title='bbox 1102 3393 1205 3457; x_wconf 91' lang='lat' dir='ltr'><strong>quum</strong></span> <span class='ocrx_word' id='word_1_181' title='bbox 1216 3371 1402 3437; x_wconf 83' lang='lat' dir='ltr'><strong>intensionis</strong></span> 
     </span>
     <span class='ocr_line' id='line_1_28' title="bbox 450 3471 1400 3559; baseline 0.007 -27"><span class='ocrx_word' id='word_1_182' title='bbox 450 3481 483 3532; x_wconf 90' lang='lat' dir='ltr'><strong>et</strong></span> <span class='ocrx_word' id='word_1_183' title='bbox 506 3471 698 3537; x_wconf 85' lang='lat' dir='ltr'><strong>remissionis</strong></span> <span class='ocrx_word' id='word_1_184' title='bbox 713 3472 796 3537; x_wconf 89' lang='lat' dir='ltr'><strong>vices</strong></span> <span class='ocrx_word' id='word_1_185' title='bbox 816 3474 954 3558; x_wconf 81' lang='lat' dir='ltr'><strong>ignoret,</strong></span> <span class='ocrx_word' id='word_1_186' title='bbox 976 3473 1033 3538; x_wconf 83' lang='lat' dir='ltr'><strong>etsi</strong></span> <span class='ocrx_word' id='word_1_187' title='bbox 1055 3495 1117 3536; x_wconf 91' lang='lat' dir='ltr'><strong>non</strong></span> <span class='ocrx_word' id='word_1_188' title='bbox 1140 3495 1199 3559; x_wconf 87' lang='lat' dir='ltr'><strong>per</strong></span> <span class='ocrx_word' id='word_1_189' title='bbox 1221 3474 1400 3550; x_wconf 89' lang='lat' dir='ltr'><strong>essentiam,</strong></span> 
     </span>
     <span class='ocr_line' id='line_1_29' title="bbox 450 3574 1403 3661; baseline 0.004 -27"><span class='ocrx_word' id='word_1_190' title='bbox 450 3593 517 3656; x_wconf 90' lang='lat' dir='ltr'><strong>qua</strong></span> <span class='ocrx_word' id='word_1_191' title='bbox 542 3594 667 3638; x_wconf 90' lang='lat' dir='ltr'><strong>omnem</strong></span> <span class='ocrx_word' id='word_1_192' title='bbox 694 3575 795 3660; x_wconf 87' lang='lat' dir='ltr'><strong>replet</strong></span> <span class='ocrx_word' id='word_1_193' title='bbox 822 3574 1023 3640; x_wconf 79' lang='lat' dir='ltr'><strong>uniformiter</strong></span> <span class='ocrx_word' id='word_1_194' title='bbox 1048 3588 1235 3651; x_wconf 89' lang='lat' dir='ltr'><strong>creaturam,</strong></span> <span class='ocrx_word' id='word_1_195' title='bbox 1251 3574 1331 3661; x_wconf 60' lang='lat' dir='ltr'><strong>&lt;plns</strong></span> <span class='ocrx_word' id='word_1_196' title='bbox 1348 3575 1403 3639; x_wconf 85' lang='lat' dir='ltr'><strong>vel</strong></span> 
     </span>
     <span class='ocr_line' id='line_1_30' title="bbox 451 3674 1406 3763; baseline 0.002 -26"><span class='ocrx_word' id='word_1_197' title='bbox 451 3674 557 3738; x_wconf 90' lang='lat' dir='ltr'><strong>minus</strong></span> <span class='ocrx_word' id='word_1_198' title='bbox 571 3675 718 3742; x_wconf 86' lang='lat' dir='ltr'><strong>videatur</strong></span> <span class='ocrx_word' id='word_1_199' title='bbox 730 3677 831 3741; x_wconf 86' lang='lat' dir='ltr'><strong>inesse</strong></span> <span class='ocrx_word' id='word_1_200' title='bbox 842 3676 1056 3763; x_wconf 84' lang='lat' dir='ltr'><strong>pergratiam.</strong></span> <span class='ocrx_word' id='word_1_201' title='bbox 1095 3680 1179 3740; x_wconf 91' lang='lat' dir='ltr'><strong>Nam</strong></span> <span class='ocrx_word' id='word_1_202' title='bbox 1191 3699 1249 3763; x_wconf 91' lang='lat' dir='ltr'><strong>per</strong></span> <span class='ocrx_word' id='word_1_203' title='bbox 1260 3677 1406 3742; x_wconf 90' lang='lat' dir='ltr'><strong>unionem</strong></span> 
     </span>
     <span class='ocr_line' id='line_1_31' title="bbox 445 3777 1404 3865; baseline 0.009 -33"><span class='ocrx_word' id='word_1_204' title='bbox 445 3777 484 3840; x_wconf 86' lang='lat' dir='ltr'><strong>in</strong></span> <span class='ocrx_word' id='word_1_205' title='bbox 496 3779 563 3839; x_wconf 87' lang='lat' dir='ltr'><strong>solo</strong></span> <span class='ocrx_word' id='word_1_206' title='bbox 575 3778 739 3860; x_wconf 88' lang='lat' dir='ltr'><strong>unigenito</strong></span> <span class='ocrx_word' id='word_1_207' title='bbox 749 3779 882 3863; x_wconf 83' lang='lat' dir='ltr'><strong>virginis</strong></span> <span class='ocrx_word' id='word_1_208' title='bbox 893 3779 959 3844; x_wconf 88' lang='lat' dir='ltr'><strong>lilio</strong></span> <span class='ocrx_word' id='word_1_209' title='bbox 969 3801 1036 3842; x_wconf 89' lang='lat' dir='ltr'><strong>esse</strong></span> <span class='ocrx_word' id='word_1_210' title='bbox 1048 3778 1185 3844; x_wconf 87' lang='lat' dir='ltr'><strong>fideliter</strong></span> <span class='ocrx_word' id='word_1_211' title='bbox 1196 3779 1404 3865; x_wconf 87' lang='lat' dir='ltr'><strong>approbatur.</strong></span> 
     </span>
     <span class='ocr_line' id='line_1_32' title="bbox 451 3875 1401 3964; baseline 0.004 -26"><span class='ocrx_word' id='word_1_212' title='bbox 451 3875 513 3938; x_wconf 80' lang='lat' dir='ltr'><strong>Eat</strong></span> <span class='ocrx_word' id='word_1_213' title='bbox 528 3875 637 3959; x_wconf 82' lang='lat' dir='ltr'><strong>itaque</strong></span> <span class='ocrx_word' id='word_1_214' title='bbox 652 3898 736 3943; x_wconf 88' lang='lat' dir='ltr'><strong>nunc</strong></span> <span class='ocrx_word' id='word_1_215' title='bbox 751 3880 844 3963; x_wconf 86' lang='lat' dir='ltr'><strong>quasi</strong></span> <span class='ocrx_word' id='word_1_216' title='bbox 854 3879 986 3964; x_wconf 88' lang='lat' dir='ltr'><strong>singula</strong></span> <span class='ocrx_word' id='word_1_217' title='bbox 999 3883 1031 3944; x_wconf 90' lang='lat' dir='ltr'><strong>in</strong></span> <span class='ocrx_word' id='word_1_218' title='bbox 1049 3878 1185 3962; x_wconf 84' lang='lat' dir='ltr'><strong>singulis</strong></span> <span class='ocrx_word' id='word_1_219' title='bbox 1206 3878 1349 3956; x_wconf 90' lang='lat' dir='ltr'><strong>futurus,</strong></span> <span class='ocrx_word' id='word_1_220' title='bbox 1366 3891 1401 3942; x_wconf 93' lang='lat' dir='ltr'><strong>ut</strong></span> 
     </span>
     <span class='ocr_line' id='line_1_33' title="bbox 445 3974 1402 4061; baseline 0.001 -20"><span class='ocrx_word' id='word_1_221' title='bbox 445 3974 603 4061; x_wconf 78' lang='lat' dir='ltr'><strong>scriptum</strong></span> <span class='ocrx_word' id='word_1_222' title='bbox 630 3988 688 4049; x_wconf 82' lang='lat' dir='ltr'><strong>est,</strong></span> <span class='ocrx_word' id='word_1_223' title='bbox 715 3977 820 4040; x_wconf 87' lang='lat' dir='ltr'><strong>omnia</strong></span> <span class='ocrx_word' id='word_1_224' title='bbox 843 3981 877 4041; x_wconf 84' lang='lat' dir='ltr'><strong>ia</strong></span> <span class='ocrx_word' id='word_1_225' title='bbox 904 3980 1052 4044; x_wconf 85' lang='lat' dir='ltr'><strong>omnibus</strong></span> <span class='ocrx_word' id='word_1_226' title='bbox 1077 3979 1194 4045; x_wconf 87' lang='lat' dir='ltr'><strong>electis.</strong></span> <span class='ocrx_word' id='word_1_227' title='bbox 1247 3983 1293 4044; x_wconf 88' lang='lat' dir='ltr'><strong>Et</strong></span> <span class='ocrx_word' id='word_1_228' title='bbox 1320 3979 1402 4043; x_wconf 80' lang='lat' dir='ltr'><strong>&#39;siem</strong></span> 
     </span>
     <span class='ocr_line' id='line_1_34' title="bbox 450 4076 1401 4167; baseline 0 -25"><span class='ocrx_word' id='word_1_229' title='bbox 450 4090 567 4142; x_wconf 88' lang='lat' dir='ltr'><strong>natura</strong></span> <span class='ocrx_word' id='word_1_230' title='bbox 590 4076 682 4161; x_wconf 86' lang='lat' dir='ltr'><strong>ignis,</strong></span> <span class='ocrx_word' id='word_1_231' title='bbox 706 4076 873 4143; x_wconf 87' lang='lat' dir='ltr'><strong>collatione</strong></span> <span class='ocrx_word' id='word_1_232' title='bbox 904 4095 1009 4146; x_wconf 82' lang='lat' dir='ltr'><strong>tamen</strong></span> <span class='ocrx_word' id='word_1_233' title='bbox 1039 4081 1170 4167; x_wconf 90' lang='lat' dir='ltr'><strong>dispari,</strong></span> <span class='ocrx_word' id='word_1_234' title='bbox 1197 4081 1348 4167; x_wconf 89' lang='lat' dir='ltr'><strong>quoniam</strong></span> <span class='ocrx_word' id='word_1_235' title='bbox 1374 4080 1401 4143; x_wconf 90' lang='lat' dir='ltr'><strong>ei</strong></span> 
     </span>
     <span class='ocr_line' id='line_1_35' title="bbox 449 4178 1403 4269; baseline 0.003 -26"><span class='ocrx_word' id='word_1_236' title='bbox 449 4179 530 4244; x_wconf 92' lang='lat' dir='ltr'><strong>nihil</strong></span> <span class='ocrx_word' id='word_1_237' title='bbox 554 4191 658 4265; x_wconf 88' lang='lat' dir='ltr'><strong>potest</strong></span> <span class='ocrx_word' id='word_1_238' title='bbox 681 4178 821 4264; x_wconf 84' lang='lat' dir='ltr'><strong>pariliter</strong></span> <span class='ocrx_word' id='word_1_239' title='bbox 843 4182 1064 4266; x_wconf 66' lang='lat' dir='ltr'><strong>compararis</strong></span> <span class='ocrx_word' id='word_1_240' title='bbox 1086 4183 1150 4246; x_wconf 89' lang='lat' dir='ltr'><strong>sole</strong></span> <span class='ocrx_word' id='word_1_241' title='bbox 1173 4183 1325 4263; x_wconf 74' lang='lat' dir='ltr'><strong>diversos,</strong></span> <span class='ocrx_word' id='word_1_242' title='bbox 1345 4204 1403 4269; x_wconf 92' lang='lat' dir='ltr'><strong>pro</strong></span> 
     </span>
     <span class='ocr_line' id='line_1_36' title="bbox 450 4278 1401 4366; baseline 0 -22"><span class='ocrx_word' id='word_1_243' title='bbox 450 4302 618 4364; x_wconf 89' lang='lat' dir='ltr'><strong>corporum</strong></span> <span class='ocrx_word' id='word_1_244' title='bbox 644 4278 839 4356; x_wconf 83' lang='lat' dir='ltr'><strong>diversitate,</strong></span> <span class='ocrx_word' id='word_1_245' title='bbox 858 4282 1007 4366; x_wconf 84' lang='lat' dir='ltr'><strong>producit</strong></span> <span class='ocrx_word' id='word_1_246' title='bbox 1032 4282 1181 4346; x_wconf 85' lang='lat' dir='ltr'><strong>effectus:</strong></span> <span class='ocrx_word' id='word_1_247' title='bbox 1214 4283 1260 4345; x_wconf 91' lang='lat' dir='ltr'><strong>sic</strong></span> <span class='ocrx_word' id='word_1_248' title='bbox 1283 4282 1338 4346; x_wconf 87' lang='lat' dir='ltr'><strong>illa</strong></span> <span class='ocrx_word' id='word_1_249' title='bbox 1361 4283 1401 4363; x_wconf 92' lang='lat' dir='ltr'><strong>(si</strong></span> 
     </span>
    </p>
   </div>
   <div class='ocr_carea' id='block_1_3' title="bbox 0 0 1677 5309">
    <p class='ocr_par' dir='ltr' id='par_1_3' title="bbox 0 0 1677 5309">
     <span class='ocr_line' id='line_1_37' title="bbox 0 0 1677 5309; baseline 0 0"><span class='ocrx_word' id='word_1_250' title='bbox 0 0 1677 5309; x_wconf 95' lang='lat' dir='ltr'><strong> </strong></span> 
     </span>
    </p>
   </div>
  </div>
 </body>
</html>
