3309 5309
356 683 427 729 cur.
445 669 534 748 vnn]
732 685 984 732 notrcuurmus.
1253 676 1314 737 179

354 844 387 898 et
410 836 526 900 veritas
546 837 634 916 fidei,
648 838 717 902 sine
741 860 804 922 qua
824 859 884 902 nec
906 839 1015 919 gratiae
1038 838 1167 922 quidem
1190 862 1310 906 nomen

352 937 509 1016 subsistit,
530 941 621 1003 nullo
647 940 862 1004 simulationis
883 941 959 1003 fuco
984 943 1089 1004 valeat
1114 942 1308 1007 obumbrari.

353 1037 418 1102 Sed
431 1038 499 1122 jam
511 1061 611 1123 quum
622 1040 663 1103 ad
674 1043 819 1105 homines
828 1051 959 1105 ventum
970 1042 1022 1120 sit,
1033 1043 1089 1126 qui
1100 1063 1164 1105 non
1177 1043 1309 1122 amicos,

352 1138 410 1203 sed
426 1140 549 1223 seipsos
564 1141 598 1202 in
620 1142 755 1221 singulis
771 1153 890 1220 amant,
905 1143 1147 1225 multiplicitatis
1166 1144 1260 1208 fucus
1274 1155 1309 1208 ut

350 1242 480 1322 placeat
493 1242 690 1304 necessarius
706 1252 763 1304 est.
802 1241 898 1325 Apud
912 1243 991 1305 istos
1006 1243 1090 1305 enim
1107 1243 1218 1322 gratia,
1233 1244 1309 1327 quia

352 1341 451 1422 gratis
465 1362 530 1404 non
545 1352 604 1416 est,
615 1341 684 1424 jam
700 1364 764 1405 nou
781 1344 891 1424 gratia,
907 1343 965 1406 sed
987 1343 1069 1405 lucri
1082 1343 1307 1407 inescatorium

351 1452 409 1505 est.
455 1443 568 1506 Facies
597 1442 756 1527 siquidem
786 1444 960 1507 meretricis
989 1443 1072 1508 sacta
1101 1455 1151 1507 est
1178 1447 1218 1522 ei,
1244 1467 1305 1510 nec

349 1543 567 1626 quodcunque
593 1545 704 1607 vitium
733 1545 902 1621 erubescit,
929 1545 1004 1606 dum
1029 1546 1109 1608 lucri
1135 1546 1238 1609 tendit
1263 1547 1306 1610 ad
1394 1535 1396 1539 ¹

351 1651 518 1725 quaestum.
578 1647 677 1708 Vetus
707 1646 839 1727 querela
872 1657 920 1708 est
949 1645 1112 1728 sapientis,
1140 1644 1306 1727 indiguum

350 1744 501 1808 amicitiae
515 1745 654 1826 lugentis
668 1766 839 1810 occasum:

455 1863 526 1916 Illud
537 1866 657 1918 amicitiae
669 1867 797 1935 quondam
809 1868 956 1921 venerabile
968 1886 1061 1921 nomen

527 1948 641 2014 Proust,
654 1955 680 2002 et
692 1952 720 2002 in
731 1956 834 2019 quaestu
846 1970 891 2023 pro
903 1953 1038 2004 meretrice
1049 1953 1132 2005 sedet.

350 2060 446 2134 Quod
462 2083 504 2125 ex
520 2083 559 2125 eo
575 2073 709 2134 constat,
725 2064 811 2147 quod
828 2065 856 2128 si
871 2075 976 2129 cesset
996 2066 1126 2142 utilitas,
1140 2085 1230 2126 rarus
1250 2074 1305 2127 aut

349 2163 459 2226 nullus
474 2172 533 2241 est,
548 2164 602 2246 qui
616 2174 746 2248 propter
762 2186 795 2228 se
812 2166 958 2229 virtutem
973 2166 1122 2230 amicitiae
1138 2167 1232 2229 colat.
1264 2166 1304 2226 ln

349 2273 398 2327 tot
413 2264 542 2327 circulis
554 2267 754 2343 saeculorum,
766 2267 798 2328 iu
812 2277 900 2331 tanto
913 2277 1040 2331 aetatum
1052 2270 1157 2351 lapsu,
1167 2267 1200 2330 in
1216 2276 1306 2330 tanta

352 2365 557 2428 multitudine
584 2375 616 2428 et
631 2364 821 2448 ¹differentia
851 2388 1068 2449 personarum,
1097 2369 1164 2445 vix,
1195 2376 1231 2430 ut
1260 2367 1306 2428 ait

350 2465 483 2540 Laelius,
497 2466 558 2528 tria
577 2466 791 2543 inveniuntur,
807 2477 862 2531 aut
878 2476 1014 2549 quatuor
1033 2469 1123 2548 paria
1137 2467 1170 2528 in
1188 2487 1304 2529 amore.

348 2565 425 2628 Hoc
448 2565 553 2648 ipsum
580 2566 706 2628 Arbiter
732 2576 839 2628 noster
867 2565 1058 2645 ingemiscit,
1083 2565 1144 2627 etsi
1173 2566 1303 2627 alterius

348 2665 495 2730 videatur
509 2666 652 2730 induisse
668 2688 847 2749 personam.
892 2666 946 2728 Ait
961 2665 1064 2728 euim:

454 2785 558 2840 Nomen
571 2788 694 2839 amicitiae
705 2788 736 2849 ai,
748 2792 876 2854 quatenus
889 2785 1004 2855 expedit,
1016 2785 1107 2849 haeret,

489 2871 612 2924 Calculus
623 2873 650 2922 in
662 2871 751 2923 tabula
762 2871 859 2923 mobile
871 2871 943 2922 ducit
954 2886 1025 2940 opus.

455 2957 544 3018 Quum
555 2957 658 3008 fortuna
669 2962 764 3020 manet,
776 2955 876 3008 vultum
888 2955 996 3008 servatis
1008 2955 1093 3018 amici,

491 3044 577 3105 Quum
590 3041 692 3105 cecidit,
706 3042 774 3112 turpi
785 3043 888 3093 vertitis
899 3058 944 3093 ora
955 3040 1027 3107 fuga.

451 3125 527 3176 Grex
539 3124 595 3190 agit
606 3124 633 3174 in
645 3139 722 3174 sceno
734 3125 849 3187 mimum,
861 3129 936 3194 pater
947 3123 992 3174 ille
1002 3129 1114 3186 vocatur,

487 3207 572 3259 Filius
584 3207 636 3269 hic,
648 3224 742 3259 nomen
755 3207 844 3259 divitis
855 3207 901 3259 ille
912 3212 994 3259 tenet.

452 3293 521 3345 Mox
533 3291 578 3343 ubi
590 3290 711 3343 ridendas
722 3290 826 3342 inclusit
838 3291 934 3361 pagina
945 3295 1042 3361 portes,

487 3377 561 3431 Vera
572 3377 640 3429 redit
652 3375 742 3440 socies,
755 3376 917 3428 dissimulata
928 3377 1004 3445 perit.

398 3629 480 3711 Cap.
498 3631 527 3689 8.
552 3627 601 3688 De
615 3625 793 3688 Mandane
810 3623 982 3697 Comoedio,
998 3624 1048 3685 vel
1067 3620 1246 3703 Trogoeda'o.

389 3763 441 3824 ΕΤ
465 3760 595 3843 quidem
618 3760 753 3841 eleganti
779 3759 877 3821 utitur
899 3757 1119 3832 similitudine,
1142 3760 1216 3843 quia
1238 3760 1301 3822 sere

346 3861 503 3946 quicquid
518 3861 552 3922 iu
568 3862 660 3923 turba
674 3861 815 3942 profanae
828 3858 1041 3922 multitudinis
1056 3859 1170 3939 agitur,
1183 3881 1300 3922 comoe-

346 3963 409 4026 diae
424 3983 520 4045 quam
542 3962 588 4024 rei
603 3972 699 4042 gestae
719 3960 855 4023 similius
874 3967 932 4022 est.
977 3959 1097 4022 Militia
1112 3970 1171 4037 cst,
1185 3961 1300 4042 iuquit,

345 4066 411 4127 vita
424 4064 570 4146 bominis¹
580 4083 674 4145 super
688 4072 809 4124 terram.
845 4064 887 4123 At
902 4061 928 4123 si
945 4072 1052 4123 nostra
1066 4070 1212 4142 tempora
1226 4081 1299 4139 pro·

346 4164 495 4246 phetious
516 4163 645 4245 spiritus
666 4163 880 4245 concepisset,
896 4161 1053 4222 diceretur
1073 4159 1208 4237 egregio,
1226 4160 1301 4237 quia

345 4264 517 4327 Comoedia
533 4275 583 4326 cst
599 4264 663 4326 vita
677 4263 816 4325 bominis
832 4283 928 4342 super
950 4271 1075 4330 terram,
1092 4259 1147 4318 ubi
1167 4257 1301 4337 quisquc

796 4369 858 4422 ut
