3309 5309
353 697 416 754 820
624 710 760 755 sonuum
776 708 1051 754 sasnsenurnusrs
1175 695 1259 766 [cm.
1274 712 1301 755 v.

352 862 601 939 fidem,adrersa
616 865 761 946 probatio
777 884 978 946 nequaquam
994 875 1170 926 evacuaret.
1207 864 1301 927 Unde

350 972 382 1027 et
394 965 435 1025 D.
445 964 604 1027 Adrianus
616 966 785 1047 rescripsit,
796 964 976 1049 judicantis
987 964 1124 1027 dilatans
1136 966 1168 1026 in
1180 967 1299 1030 exami-

348 1064 477 1125 natione
490 1064 616 1126 testium
632 1064 816 1128 facultatem
830 1088 839 1141 3
862 1075 894 1126 et
904 1065 1000 1127 verba
1014 1065 1145 1148 quidem
1161 1053 1301 1148 epistolae

348 1177 422 1227 sunt
436 1165 506 1227 baec
519 1188 526 1227 :
555 1165 606 1228 Tu
622 1167 724 1247 magis
735 1167 816 1229 scire
829 1177 920 1249 potes
932 1178 1049 1249 quanta
1060 1165 1142 1229 fides
1154 1167 1301 1230 habenda

348 1269 390 1331 sit
400 1269 546 1346 testibus,
557 1270 613 1353 qni
629 1269 722 1352 cnjus
739 1269 916 1350 dignitatis,
926 1279 958 1330 et
973 1268 1068 1352 cnjus
1083 1270 1300 1333 aestimationis

348 1371 422 1447 sint,
443 1382 475 1433 et
496 1371 551 1453 qui
572 1371 758 1453 simpliciter
778 1371 837 1433 visi
858 1371 922 1433 sint
942 1368 1057 1443 dicere,
1077 1381 1182 1432 utrum
1203 1391 1300 1434 unum

347 1470 548 1555 eundemque
566 1492 742 1534 sermonem
759 1470 945 1534 meditatum
962 1472 1134 1548 attulerint,
1150 1492 1190 1533 an
1206 1471 1247 1534 ad
1264 1494 1301 1534 ea

348 1594 420 1657 quae
435 1573 686 1655 interrogaveris,
707 1594 750 1635 ex
772 1583 914 1655 tempore
938 1572 1148 1634 verisimiliter
1171 1594 1300 1657 respon-

347 1675 457 1738 derint
505 1675 586 1747 Quae
607 1686 802 1755 argumenta,
826 1687 859 1736 et
881 1672 1162 1757 quemadmodum,
1185 1676 1300 1757 cuique

345 1779 394 1840 rei
417 1776 591 1860 probandae
614 1776 784 1851 sufficiant,
806 1777 895 1837 nullo
918 1788 1005 1838 certo
1026 1773 1122 1837 modo
1143 1777 1221 1838 satis
1241 1777 1298 1838 dis·

348 1877 431 1940 finiri
454 1887 568 1959 potest.
615 1877 703 1938 Alias
724 1895 875 1937 numerus
899 1874 1038 1950 testium,
1059 1875 1137 1937 alias
1164 1875 1300 1956 dignitas

347 1986 380 2041 et
394 1978 576 2054 auctoritas,
589 1977 669 2040 alias
689 1976 785 2038 veluti
801 1975 1006 2037 consentiens
1025 1973 1111 2036 fama
1134 1976 1301 2040 confirmat

346 2080 402 2156 rei,
425 2080 465 2142 de
488 2100 552 2160 qna
574 2079 726 2162 quaeritur
747 2075 854 2139 fidem.
900 2077 975 2139 Hoc
998 2076 1096 2156 igitur
1117 2077 1221 2138 solum
1244 2080 1299 2141 tibi

345 2179 537 2263 respondere
549 2181 669 2262 possim
681 2179 945 2254 summatim,non
955 2177 1067 2260 utiquc
1076 2173 1117 2239 ad
1126 2199 1223 2240 unam
1229 2200 1299 2261 spe·
1329 2228 1333 2236 .

348 2281 442 2356 ciem,
456 2281 654 2361 probationis
671 2281 886 2360 cognitionem
904 2279 1008 2343 statim
1025 2279 1158 2360 allegari
1174 2279 1299 2357 debere,

347 2380 404 2443 sed
420 2401 461 2442 ex
477 2380 636 2443 sententia
651 2380 749 2442 animi
765 2381 821 2453 tui,
833 2392 865 2444 te
882 2381 1038 2442 aestimare
1053 2391 1212 2462 oportere,
1224 2383 1300 2466 qnid

345 2490 400 2545 aut
422 2481 544 2558 credas,
566 2491 622 2543 ant
641 2501 754 2562 parum
775 2483 945 2564 probatum
966 2480 1028 2542 tibi
1050 2482 1200 2562 opineris.
1243 2486 1298 2547 Ju-

346 2581 414 2645 diei
440 2602 513 2644 vero
540 2581 708 2664 plurimum
736 2582 822 2658 licet,
850 2581 927 2644 dum
953 2583 988 2643 in
1012 2581 1162 2644 omnibus
1188 2585 1300 2647 serviat

346 2683 480 2759 veritati,
495 2703 592 2765 quam
608 2681 635 2744 si
653 2683 701 2762 (ut
724 2683 814 2760 solet)
837 2682 924 2764 apud
942 2680 1107 2765 improbos
1128 2684 1299 2763 periclitari

347 2783 543 2863 cognoverit,
560 2781 601 2844 ad
617 2782 848 2864 professionem
871 2783 941 2865 ejus
964 2782 1020 2866 qui
1042 2785 1215 2847 necessarii
1233 2786 1300 2848 fue-

346 2881 419 2958 rint,
438 2880 595 2957 evocabit,
611 2893 641 2943 et
666 2881 707 2944 ad
728 2881 943 2957 testimonium
971 2882 1146 2964 compellet
1166 2883 1296 2948 inritos:

344 2980 397 3043 his
422 2992 526 3043 tamen
555 2982 712 3064 exceptis,
735 3003 816 3065 quos
841 2961 992 3047 adversus
1019 2993 1123 3044 certas
1150 3004 1299 3066 personas

346 3081 511 3144 testificari
521 3082 594 3164 jura
609 3104 675 3145 non
691 3094 820 3165 cogunt.

345 3267 426 3351 Cap.
442 3274 491 3331 15.
515 3270 1042 3351 Quaepertiueoutudreliqiortem
1053 3274 1299 3352 Praeerat-ulum,

383 3370 575 3450 presidum,
596 3380 628 3434 et
650 3373 891 3435 ordinariorum
906 3372 1073 3453 judicum,
1088 3383 1121 3436 et
1141 3385 1298 3459 quatemus

386 3471 487 3531 mertia
500 3471 655 3550 protendi
671 3473 792 3542 liceum
816 3471 903 3533 etde
921 3473 1089 3552 Cicerone,
1110 3475 1296 3554 Bernardo,

387 3570 548 3643 Martiae,
568 3570 732 3653 Gausrt'do
750 3574 951 3635 Carnutenci.

388 3703 564 3766 Pnn‘rrrrnr
580 3716 685 3768 autem
702 3706 744 3768 ad
758 3707 944 3788 religionem
960 3708 1118 3790 praesidia,
1133 3710 1296 3792 providere

253 3855 256 3863 .
344 3827 385 3868 ne
411 3807 605 3887 potentiores
631 3809 691 3870 viri
717 3811 843 3892 injuriis
869 3811 1011 3874 afficiant
1034 3812 1234 3890 humiliores,
1258 3833 1296 3874 ne

345 3907 528 3971 defensores
548 3927 656 3969 eorum
678 3911 886 3975 calumniosis
902 3914 1087 3975 criminibus
1103 3915 1297 3976 insectentur

346 4009 546 4073 innocentes
586 4005 837 4094 prohibebitque
852 4015 958 4076 illatas
973 4015 1169 4093 exactiones,
1187 4025 1220 4078 et
1234 4016 1296 4077 rio·

344 4107 458 4173 lentias
481 4108 593 4186 lactas,
614 4120 646 4172 et
668 4121 809 4176 extortas
831 4127 917 4178 metu
939 4114 1154 4191 venditiones
1171 4127 1203 4179 et
1224 4138 1295 4179 cau·

344 4210 458 4283 tiones,
482 4213 532 4273 vel
556 4213 625 4274 sine
648 4213 742 4294 pretii
766 4216 996 4294 numeratione,
1019 4238 1060 4279 ne
1083 4227 1116 4280 et
1137 4219 1207 4300 ipse
1225 4239 1294 4300 pro·

345 4310 481 4372 vinciam
508 4310 541 4372 in
568 4312 750 4394 praebendis
774 4313 923 4397 hospitiis
949 4325 1070 4392 oneret,
1093 4315 1232 4400 denique
1258 4338 1295 4378 ne
