3309 5309
450 658 509 723 142
651 675 1122 748 'JOANNISSARESBERIENSIS
1269 655 1349 734 [arn.
1368 675 1404 719 11.

449 851 488 892 ex
505 828 560 893 illo
583 840 668 892 retro
684 831 793 904 fluere,
809 841 840 892 et
863 827 964 891 indies
988 826 1063 902 labi,
1086 824 1187 890 minui
1210 825 1299 908 regni
1322 824 1405 887 vires

447 944 626 1015 coeperunt,
648 928 733 992 salus
755 927 867 1014 populi
889 927 1057 1003 fluctuare,
1088 925 1228 989 hostium
1251 925 1402 1001 crebrior,

448 1031 560 1115 major,
582 1030 758 1116 clariorque
788 1029 1019 1104 victoriatum
1051 1030 1134 1112 regis
1163 1049 1262 1113 quam
1292 1026 1402 1113 populi

448 1131 584 1197 validius
599 1132 721 1196 animos
736 1132 844 1216 fregit.
880 1136 953 1217 lpse
965 1143 1070 1194 tamen
1087 1152 1159 1193 eum
1176 1129 1229 1192 cui
1245 1130 1404 1193 Dominus

448 1256 580 1317 regnum
597 1235 791 1308 firmaverat,
812 1234 1060 1297 exterminatum
1084 1230 1222 1296 habebat
1242 1254 1262 1294 a
1284 1230 1402 1296 finibus

447 1335 522 1400 suis.
569 1337 654 1412 Quid
672 1358 748 1419 ergo
769 1335 897 1399 tandem
919 1336 1003 1420 cepit
1019 1333 1166 1398 consilii?
1190 1337 1265 1398 Non
1289 1334 1403 1418 utique

448 1448 486 1501 ut
500 1459 633 1521 regnum
651 1437 790 1501 traderet
807 1435 928 1499 meliori
945 1460 989 1511 se,
1005 1448 1040 1499 ut
1056 1435 1257 1521 dispositioni
1274 1434 1405 1512 divinae,

446 1559 524 1621 quae
538 1537 566 1601 ei
581 1537 776 1617 innotuerat,
791 1536 1017 1622 acquiesceret,
1032 1549 1068 1600 ut
1080 1534 1301 1619 poenitentiam
1318 1548 1404 1599 ante·

448 1653 528 1704 actae
540 1641 616 1704 vitae
625 1654 734 1725 ageret
747 1640 953 1703 fructuosam.
986 1637 1047 1702 Sed
1061 1641 1118 1724 qui
1130 1637 1282 1701 adversus
1295 1636 1405 1701 Domi-

447 1764 523 1806 num
540 1742 720 1807 calcaneum
739 1745 874 1808 tumoris
883 1745 1052 1815 extulerat,
1066 1738 1221 1826 populum
1237 1739 1270 1803 in
1281 1752 1404 1804 montes

448 1844 583 1922 Gelboe,
613 1845 668 1910 ubi
695 1843 877 1930 puniendus
908 1857 940 1908 et
965 1842 1158 1907 occidendus
1183 1855 1264 1916 erat,
1292 1843 1404 1906 eduxit

447 1947 479 2011 in
496 1946 653 2033 praelium.
699 1946 809 2011 Occidi
833 1944 991 2030 siquidem
1013 1945 1044 2008 in
1069 1957 1176 2008 monte
1199 1943 1326 2020 debuit,
1348 1942 1403 2029 qui

448 2070 510 2112 non
523 2048 580 2111 nisi
593 2047 658 2110 alta
669 2048 701 2110 in
714 2048 817 2134 seipso
827 2048 977 2133 respexit.
1023 2046 1106 2123 Quia
1115 2068 1192 2129 ergo
1202 2067 1275 2107 eum
1288 2044 1403 2108 veritus

447 2149 517 2232 ipsa
537 2147 689 2226 deseruit,
710 2148 751 2211 ad
774 2149 894 2213 fontem
918 2148 1072 2212 mendacii
1097 2147 1196 2210 falsus
1219 2159 1250 2209 et
1274 2145 1403 2231 iniquus

447 2250 595 2336 princeps
609 2248 763 2332 confugit.
810 2251 903 2315 Dixit
919 2250 1027 2335 itaque
1037 2249 1135 2313 servis
1150 2249 1236 2313 suis:
1260 2248 1402 2325 Quaerite

449 2351 527 2414 mihi
550 2350 724 2425 mulierem,
748 2350 916 2417 habentem
941 2352 1131 2437 Pythonem,
1154 2363 1185 2415 et
1218 2350 1332 2414 vadam
1363 2352 1403 2415 ad

446 2475 528 2530 eam,
558 2465 590 2516 et
621 2452 803 2518 sciscitabor
826 2476 883 2538 per
905 2454 1001 2519 illam.
1047 2453 1134 2531 Quid
1157 2452 1245 2518 aliud
1268 2452 1403 2516 dixisset

446 2553 586 2640 gentilis,
598 2552 747 2640 idemque
758 2554 923 2640 perfidus?
940 2558 1053 2619 Nonne
1064 2554 1146 2618 idem
1158 2567 1205 2618 est
1215 2576 1253 2618 ac
1268 2553 1294 2617 si
1306 2552 1403 2630 dicat,

577 2672 696 2727 Flectere
708 2674 730 2726 si
741 2691 843 2741 nequeo
855 2690 970 2745 superos,
983 2674 1135 2727 Acheronta
1145 2673 1270 2725 movebo?

447 2791 503 2844 aut
525 2777 721 2843 fidelioribus
746 2778 862 2853 verbis,
885 2790 916 2841 et
940 2777 1090 2842 insaniori
1107 2776 1252 2862 perfidia,
1271 2776 1303 2842 Si
1326 2775 1401 2839 mihi

449 2883 539 2945 Deus
568 2878 714 2943 notitiam
744 2878 904 2943 subtrahit
933 2878 1087 2956 veritatis,
1117 2901 1185 2942 earn
1217 2894 1323 2943 tamen
1348 2898 1403 2963 per

448 2993 570 3067 patrem
586 2980 752 3060 mendacii,
770 3003 807 3043 eo
826 2979 937 3057 inrito,
956 3002 1155 3064 cognoscam,
1176 2993 1208 3045 et
1230 2980 1305 3044 velit
1325 2978 1403 3045 nolit

445 3106 595 3149 arcanum
618 3082 738 3147 consilii
760 3082 841 3167 ejus,
856 3103 913 3166 per
935 3094 1108 3167 potestates
1130 3081 1328 3146 adversarias
1347 3104 1401 3146 ex-

448 3184 604 3271 plorabo?
629 3186 674 3249 Et
688 3183 839 3248 dixerunt
856 3184 937 3246 servi
952 3184 1022 3268 ejus
1037 3184 1079 3248 ad
1094 3207 1186 3248 eum:
1212 3185 1274 3248 Est
1289 3182 1402 3249 mulier

448 3286 567 3351 habens
590 3286 769 3371 Pythonem
784 3285 816 3348 in
834 3284 956 3348 Endor.
974 3284 1132 3368 Indignus
1146 3285 1230 3349 enim
1247 3298 1315 3350 erat
1331 3306 1403 3348 con-

449 3386 619 3451 sultatione
642 3386 737 3464 virili,
754 3408 850 3473 quem
866 3387 897 3450 in
916 3400 1038 3452 tantum
1057 3386 1237 3472 desperatio
1252 3387 1402 3471 fregerat,

450 3499 484 3551 ut
499 3487 594 3550 etiam
608 3487 649 3549 ab
663 3486 796 3552 infirmis
811 3501 843 3553 et
855 3488 1076 3553 infirmissimis
1091 3489 1245 3552 creaturis
1256 3489 1297 3553 ad
1314 3501 1404 3552 tuen-

447 3585 527 3649 dum
540 3585 598 3650 sibi
615 3608 759 3670 regnum,
775 3587 863 3672 quod
880 3589 1038 3653 Dominus
1058 3590 1234 3668 auferebat,
1250 3590 1404 3654 adversus

422 3773 427 3784 Ι
448 3687 534 3750 omni
557 3688 730 3773 potentiam
747 3690 826 3774 ejus,
842 3691 997 3754 auxilium
1018 3691 1213 3777 imploraret.
1261 3689 1404 3756 Mutavit

405 3789 406 3792 ’
447 3809 526 3870 ergo
538 3786 679 3852 habiturn
692 3813 797 3867 suum,
809 3795 1006 3877 vestitusque
1018 3805 1066 3857 est
1073 3792 1144 3857 aliis
1156 3792 1364 3871 vestimentis,
1372 3804 1405 3856 et

445 3888 526 3953 abiit
537 3888 604 3975 ipse
616 3904 647 3952 et
660 3890 724 3953 duo
738 3891 796 3953 viri
807 3915 878 3955 cum
892 3917 941 3970 eo,
953 3908 1174 3979 veneruntque
1184 3893 1225 3956 ad
1238 3893 1402 3958 mulierem

447 4003 549 4054 nocte.
594 3992 694 4054 Recte
716 3989 845 4076 quidem
868 3995 984 4074 omnia,
1005 3995 1082 4080 quia
1104 4007 1212 4059 rectus
1232 4007 1293 4075 est,
1307 3993 1403 4059 etiam

445 4093 534 4176 apud
550 4113 713 4177 perversos
729 4089 868 4176 Spiritus
890 4109 1027 4160 sanctus.
1071 4096 1176 4181 Regio
1191 4118 1332 4184 namque
1347 4095 1402 4158 ha·

444 4193 516 4258 bitu
538 4193 650 4257 debuit
673 4193 813 4278 spoliari,
828 4197 886 4280 qui
909 4196 948 4258 ad
973 4198 1173 4264 serviendum
1191 4198 1407 4275 damonibus,

332 4378 334 4382 ,
443 4310 475 4360 et
497 4319 559 4361 non
583 4298 665 4374 Deo,
682 4295 856 4361 infaustum
881 4299 1060 4386 arripuerat
1081 4301 1153 4366 iter.
1201 4301 1267 4377 Qui
1284 4287 1409 4365 vestem*
