3309 5309
230 659 300 704 osa.
318 641 381 720 1v.]
581 656 836 705 aotr'caanrcus.
1145 652 1184 711 st

227 811 361 874 crimen.
409 811 480 873 Nec
507 811 614 895 aliqua
641 813 763 876 virtutis
787 815 1000 878 ostentatione
1030 816 1189 896 clarescit,

227 914 280 978 cui
295 914 447 997 voluptas
462 914 614 995 originem
633 917 773 998 praebet:
797 937 936 981 noverca
951 917 1110 1000 siquidem
1126 919 1187 981 vir-

228 1017 306 1080 tutis
321 1025 381 1080 est.
427 1017 460 1079 N
462 1037 504 1078 on
518 1016 608 1079 illam
623 1016 697 1079 dico
712 1039 808 1101 quam
829 1019 913 1103 parit
926 1041 1005 1103 pax,
1019 1021 1186 1104 patientia,

230 1118 426 1199 benignitas,
441 1105 677 1198 longanimitas,¹
692 1119 843 1200 gaudium
865 1121 897 1184 in
919 1121 1040 1205 Spiritu
1054 1131 1187 1198 sancto;

231 1219 287 1282 sed
303 1240 378 1302 quae
394 1220 497 1283 amica
513 1220 628 1302 epulis,
642 1221 873 1304 potationibus,
890 1222 1056 1299 conviviis,
1073 1223 1187 1287 modu·

229 1321 417 1399 lotionibus,
446 1332 478 1384 et
506 1321 601 1400 ludis,
632 1322 773 1386 cultibus
809 1325 976 1408 operosius
1007 1325 1187 1409 exquisitis,

229 1424 350 1506 stupris
365 1434 398 1486 et
413 1423 508 1486 variis
529 1423 752 1500 immunditiis,
768 1426 894 1489 animos
909 1428 1005 1490 etiam
1026 1426 1188 1506 graviores

230 1525 413 1600 effaeminat,
438 1535 470 1588 et
495 1525 635 1609 quodam
659 1537 781 1589 naturae
805 1528 945 1591 ludibrio
972 1528 1132 1591 molliores
1155 1538 1188 1592 et

231 1627 448 1709 corruptiores
462 1627 542 1691 facit
556 1650 627 1691 esse
641 1627 727 1691 viros
741 1649 838 1711 quam
852 1629 1006 1692 faeminas.
1043 1631 1188 1714 Tempus

230 1749 362 1812 quoque
379 1728 516 1792 venandi
534 1731 666 1813 culpam
685 1738 850 1808 extenuat,
865 1741 1013 1793 actumve
1029 1751 1188 1792 commen·

231 1828 297 1893 dat.
344 1830 395 1893 Sit
408 1839 515 1893 autem
526 1830 581 1893 hic
596 1841 724 1913 tempus
739 1831 823 1892 utin
839 1831 921 1893 locis
938 1831 1190 1914 quampluribus

230 1931 403 2009 invenitur,
418 1953 462 1995 ex
477 1953 516 1995 eo
532 1931 757 2015 opportunitas
777 1932 1002 2013 gerendorum.
1046 1933 1099 1995 Fit
1114 1953 1189 2014 ergo

232 2035 458 2118 intempestiva
474 2034 612 2113 venatio,
627 2035 676 2097 vel
698 2056 743 2098 ex
764 2036 925 2117 religionis
948 2036 1050 2112 cultu,
1072 2038 1123 2099 vel
1146 2058 1189 2099 ex

233 2146 349 2200 natura
363 2156 479 2211 renim,
496 2137 547 2199 vel
568 2158 611 2199 ex
633 2135 744 2200 debito
759 2138 869 2215 officii,
888 2136 976 2220 quod
991 2138 1040 2201 vel
1060 2148 1189 2221 praeter·

232 2238 328 2315 mitti,
353 2238 405 2301 vel
429 2239 501 2301 aliis
525 2238 793 2321 occupationibus
815 2238 969 2321 postponi
990 2260 1056 2301 non
1079 2237 1186 2303 debet.

233 2339 298 2402 Sed
314 2338 356 2403 de
371 2340 423 2403 his
438 2341 595 2404 hactenus
610 2340 687 2422 quia
705 2360 772 2401 non
787 2341 966 2403 venaticam
981 2338 1115 2419 tradere,
1131 2340 1187 2403 sed

231 2442 273 2503 de
304 2442 473 2505 curialium
503 2442 598 2522 nugis
626 2441 738 2521 nugari
768 2441 968 2523 propositum
998 2453 1058 2505 est.
1105 2442 1186 2506 Loci

232 2563 363 2626 quoque
377 2544 458 2606 ratio
473 2541 624 2607 habenda
638 2552 698 2620 est,
712 2542 838 2605 scilicet
853 2555 888 2605 ut
902 2543 935 2603 in
951 2564 1021 2617 suo,
1037 2544 1088 2605 vel
1103 2564 1188 2606 com·

232 2645 333 2721 muni,
361 2647 413 2707 vel
442 2646 585 2728 publico,
613 2645 703 2707 licita
732 2654 922 2706 exerceatur
947 2644 1084 2719 venatio,
1112 2641 1189 2706 dum

232 2758 342 2809 tamen
373 2749 576 2811 consortibus
604 2769 671 2810 non
699 2747 856 2826 irrogetur
884 2743 1009 2830 injuria,
1037 2755 1071 2808 et
1098 2746 1190 2808 locus

234 2849 422 2911 celebritate
443 2850 493 2912 sui
516 2862 571 2913 aut
590 2848 765 2912 reverentia
780 2848 822 2911 ab
839 2847 889 2910 his
904 2846 1190 2931 inquietationibus

232 2971 298 3012 non
322 2951 489 3013 eximatur.
535 2951 601 3024 Qui
623 2950 708 3013 enim
731 2950 766 3011 in
788 2950 894 3012 aliena
916 2950 1084 3012 temeraria
1098 2970 1190 3011 usur·

232 3050 365 3131 patione
390 3050 491 3123 irruit,
510 3050 637 3133 laqueis
657 3049 740 3132 juris
762 3060 888 3111 tenetur
911 3048 954 3110 ad
975 3069 1114 3130 poenam.
1159 3050 1193 3110 Is

235 3171 311 3213 vero
327 3148 445 3210 modus
455 3148 627 3211 laudabilis
637 3159 698 3225 est,
709 3169 808 3231 quum
820 3146 1039 3210 moderatione
1049 3147 1193 3210 adhibita

231 3249 423 3331 prudenter,
449 3259 482 3311 et
511 3250 538 3312 si
568 3249 637 3311 fieri
662 3258 779 3330 potest,
806 3247 927 3311 utiliter
956 3257 1133 3326 exercetur,
1156 3258 1192 3311 ut

232 3351 386 3415 mandato
402 3350 528 3414 Comici
544 3349 743 3433 acquiescas,
759 3351 810 3413 Ne
827 3348 906 3432 quid
920 3350 1026 3413 nimis.
1060 3352 1143 3415 Nam
1160 3362 1192 3414 et

239 3471 242 3475 ’
373 3465 465 3518 Insani
476 3467 582 3537 sapiens
593 3481 687 3517 numen
696 3465 770 3530 feret,
782 3482 873 3535 tequus
884 3466 975 3535 iniqui,

374 3549 453 3603 Ultra
465 3568 543 3619 quam
554 3551 619 3603 satis
632 3556 672 3603 est
684 3552 806 3604 virtutem
817 3551 841 3619 si
852 3557 925 3623 petet
936 3552 1031 3623 ipsam.

233 3664 326 3727 Nihil
342 3673 447 3726 autem
469 3665 591 3748 turpius
610 3677 781 3750 est,.quam
797 3668 830 3729 in
848 3667 944 3728 risum
968 3665 1188 3729 contuentium

233 3786 290 3828 ora
305 3766 423 3842 laxare,
439 3765 517 3827 dum
530 3788 596 3828 non
615 3767 762 3830 discendi
779 3767 953 3851 proposito,
969 3766 1189 3829 vehementius

233 3865 355 3929 insistis
377 3866 448 3943 arti,
463 3887 561 3949 quam
584 3868 721 3943 nescias,
737 3880 772 3930 ut
794 3867 823 3929 si
844 3868 987 3948 linguam
1010 3887 1105 3949 quam
1125 3886 1192 3927 non

233 3966 371 4044 noveris,
393 3965 688 4034 facetusattentes.
734 3968 816 4032 Sunt
837 3989 912 4031 vero
934 3987 1095 4050 personae,
1117 3988 1190 4049 quae

234 4088 299 4129 non
326 4066 424 4129 modo
450 4068 588 4146 abhoc,
611 4068 668 4132 sed
694 4069 734 4130 ab
756 4068 827 4131 aliis
852 4068 1056 4151 quibusdam,
1078 4077 1190 4151 utpote

236 4169 410 4232 levioribus
430 4180 463 4231 et
479 4170 677 4255 voluptuosis
697 4170 822 4243 studiis,
844 4170 876 4232 in
898 4180 1088 4254 perpetuum
1107 4186 1195 4252 sum·¹

239 4280 413 4348 moventur,
431 4282 465 4356 ut
480 4273 536 4356 qui
551 4273 585 4336 in
601 4273 700 4335 sacris
717 4271 883 4334 ordinibus
899 4267 1075 4343 constituti,
1089 4275 1121 4327 et
1136 4255 1191 4349 qui
