3309 5309
346 659 416 704 cap.
433 638 494 718 v1.]
697 655 955 701 eonvcnarrcus.
1236 645 1300 703 235

347 809 409 873 Sed
426 808 483 894 qui
501 817 576 872 suot
592 804 772 871 sacerdotes
791 805 942 872 Leviticae
958 804 1085 869 tribus?
1119 805 1173 870 Illi
1190 806 1302 892 utique

346 934 426 996 quos
441 911 509 974 siue
527 908 670 973 avaritiae
692 908 840 989 stimulis,
856 908 924 971 sine
946 907 1129 974 ambitionis
1150 909 1305 995 impulsu,

346 1012 413 1077 sine
438 1012 606 1079 affectione
627 1011 730 1075 carnis
752 1024 785 1076 et
807 1010 984 1096 sanguinis,
1009 1010 1060 1075 lex
1083 1009 1115 1074 in
1141 1011 1303 1077 ecclesiam

346 1115 538 1180 introduxit.
584 1117 658 1178 Non
682 1125 788 1178 autem
812 1112 864 1177 lex
886 1114 999 1191 literae,
1023 1137 1097 1199 quae
1119 1116 1303 1193 mortificat,

348 1215 403 1279 sed
427 1214 570 1301 spiritus,
586 1237 659 1300 quae
681 1214 713 1277 in
737 1213 904 1279 sanctitate
919 1213 1044 1290 mentis,
1059 1215 1217 1280 munditia
1238 1240 1305 1281 cor-

347 1314 446 1398 poris,
460 1312 534 1376 fidei
555 1311 745 1389 sinceritate,
759 1323 791 1376 et
814 1312 965 1398 operibus
987 1312 1137 1393 caritatis,
1155 1313 1304 1379 vivificat.

351 1413 441 1479 Sicut
457 1413 539 1477 enim
557 1413 734 1478 umbratilis
749 1414 813 1490 lex,
826 1426 858 1478 et
874 1436 985 1498 gerens
995 1417 1102 1479 omnia
1116 1413 1306 1499 figuraliter,

350 1514 530 1579 sacerdotes
552 1513 583 1577 in
607 1514 828 1599 singularitate
854 1515 957 1578 carnis
979 1528 1010 1578 et
1038 1514 1200 1598 sanguinis
1224 1539 1306 1601 prae-

349 1614 448 1701 elegit
461 1641 469 1694 ;
492 1615 547 1691 sic,
559 1628 731 1702 postquam
747 1615 943 1679 cessantibus
959 1615 1079 1680 umbria
1091 1615 1205 1680 veritas
1220 1632 1308 1702 pate-

350 1717 437 1781 facta
461 1731 521 1795 est,
544 1731 577 1781 et
599 1717 729 1804 justitia
753 1716 794 1780 de
817 1718 900 1783 coelo
925 1716 1101 1802 prospexit,
1125 1740 1208 1802 quos
1232 1718 1306 1784 vitae

351 1816 553 1882 commendat
584 1821 744 1892 meritum,
776 1830 808 1881 et
842 1818 934 1883 bonae
963 1817 1122 1902 opinionis
1155 1817 1246 1895 odor,
1274 1830 1308 1882 et

353 1918 461 1984 unitas
476 1917 630 1998 fidelium,
644 1930 701 1982 aut
722 1918 927 2004 praelatorum
943 1919 1079 2002 diligens
1098 1917 1309 2004 providentia,

354 2020 386 2085 in
416 2042 497 2106 opus
526 2019 690 2084 ministerii
722 2020 910 2106 segregavit,
937 2020 1070 2106 spiritus
1098 2019 1239 2106 applicat
1267 2019 1309 2084 ad

353 2122 530 2186 Leviticam
559 2121 691 2199 tribum,
713 2135 745 2186 et
772 2122 932 2208 legitimos
957 2122 1096 2187 instituit
1123 2121 1309 2187 sacerdotes.

355 2222 539 2308 Adjicitur:
565 2225 610 2288 Et
626 2224 757 2291 habebit
772 2248 891 2306 secum,
902 2224 1051 2311 legetque
1065 2224 1146 2290 illud
1163 2225 1311 2291 omnibus

355 2322 555 2387 diebusvitae
579 2346 654 2388 suae.
700 2325 851 2403 Attende,
867 2337 990 2410 quanta
1011 2324 1127 2389 debeat
1149 2347 1216 2390 asse
1238 2325 1310 2390 dili·

355 2425 465 2508 gentia
479 2423 632 2509 principis
647 2424 679 2487 in
695 2423 765 2509 lege
781 2425 911 2489 Domini
932 2425 1152 2502 custodienda,
1168 2426 1225 2510 qui
1241 2449 1309 2491 eam

357 2547 482 2609 semper
503 2525 629 2602 habere,
645 2526 749 2611 legere
773 2527 972 2611 praecipitur,
987 2538 1019 2588 et
1042 2526 1214 2606 revolvere,
1229 2527 1312 2592 sicut

357 2650 414 2692 rex
430 2649 541 2712 regum
556 2628 661 2692 factus
675 2650 716 2692 ex
732 2627 876 2707 muliere,
891 2627 995 2691 factus
1010 2627 1071 2691 sub
1090 2626 1170 2711 lege,
1186 2650 1311 2692 omnem

356 2727 501 2815 implevit
513 2729 674 2815 justitiam
690 2728 780 2812 legis,
796 2729 824 2791 ei
840 2750 903 2791 non
918 2727 1115 2803 necessitate,
1133 2728 1188 2791 sed
1202 2728 1314 2792 volun-

358 2844 435 2908 tate,
462 2831 636 2916 subjectus.
682 2829 765 2906 Quia
791 2829 823 2893 in
851 2829 920 2914 lege
944 2833 1094 2894 voluntas
1120 2830 1200 2914 ejus,
1224 2843 1257 2895 et
1281 2830 1314 2895 in

357 2932 428 3018 lege
445 2933 575 2996 Domini
591 2931 765 2995 meditatus
780 2944 827 2995 est
843 2930 896 2994 die
912 2953 948 2995 ac
963 2948 1064 2996 nocte.
1111 2931 1206 3009 Quod
1222 2933 1248 2995 si
1259 2932 1313 2998 ille

358 3034 390 3099 in
408 3035 467 3097 hac
484 3042 574 3116 parte
590 3054 652 3095 non
668 3032 810 3096 creditur
832 3032 1018 3112 imitandus,
1032 3033 1090 3118 qui
1115 3055 1177 3096 non
1202 3056 1314 3118 regum

322 3160 325 3165 ¹
357 3138 508 3223 gloriam,
523 3135 578 3198 sed
602 3133 743 3199 fidelium
768 3135 936 3221 amplexus
959 3148 1007 3199 est
1030 3148 1265 3222 paupertatem,
1284 3151 1316 3201 et

357 3239 493 3305 indutus
508 3236 611 3300 forma
634 3236 750 3313 servili,
768 3237 1003 3301 reclinatorium
1019 3238 1116 3322 capiti
1141 3259 1204 3300 non
1228 3261 1316 3323 quae-

359 3338 434 3402 sivit
447 3337 478 3400 in
492 3336 602 3409 terris;
630 3349 661 3401 et
677 3337 893 3422 interrogatus
908 3358 926 3398 a
937 3335 1059 3422 judice,
1072 3360 1204 3422 regnum
1220 3361 1314 3402 suum

360 3440 401 3505 de
417 3440 476 3503 hoc
492 3439 613 3503 mundo
627 3462 690 3502 non
712 3462 790 3516 esse,
806 3440 969 3504 confessus
984 3453 1051 3514 est3
1082 3441 1250 3526 proficiant
1265 3444 1316 3507 vel

359 3540 506 3626 exempla
522 3563 633 3626 regum
650 3540 836 3618 illustrium,
853 3564 993 3627 quorum
1007 3544 1158 3607 memoria
1172 3544 1204 3608 in
1222 3546 1317 3609 bene-

361 3641 500 3705 dictione
515 3653 571 3705 est.
610 3641 787 3707 Procedant
799 3665 877 3727 ergo
893 3642 934 3706 de
946 3644 1058 3709 castris
1073 3644 1181 3719 Israel,
1196 3646 1315 3724 David,

363 3741 529 3818 Ezechias,
553 3755 585 3807 et
612 3743 729 3817 Josias‚
752 3754 785 3807 et
807 3745 926 3820 caeteri,
942 3745 1000 3831 qui
1022 3746 1055 3808 in
1077 3771 1115 3810 eo
1140 3746 1199 3810 sibi
1226 3748 1316 3833 regni

362 3842 495 3928 gloriam
511 3856 653 3908 constare
665 3845 849 3923 credebant,
863 3845 889 3909 si
905 3847 966 3910 Dei
980 3861 1156 3933 quaerentes
1171 3849 1315 3934 gloriam,

365 3968 396 4008 se
411 3957 443 4009 et
463 3944 610 4009 subditos
633 3945 749 4012 divinae
770 3948 850 4032 legis
872 3949 1006 4014 nexibus
1028 3950 1225 4016 innodarent.
1271 3953 1317 4015 Et

365 4068 404 4109 ne
425 4046 551 4110 illorum
575 4061 696 4112 remota
719 4049 889 4115 videantur
911 4052 1068 4138 exempla,
1090 4066 1122 4116 et
1148 4075 1188 4114 ex
1210 4075 1248 4112 eo
1271 4075 1316 4114 se-

367 4147 493 4232 quenda
508 4148 622 4228 minus,
637 4151 724 4235 quod
740 4175 758 4214 a
774 4152 844 4236 lege
859 4176 979 4227 eorum,
995 4168 1026 4217 et
1044 4153 1106 4217 ritu
1125 4172 1269 4235 operum,
1286 4166 1318 4216 et

368 4247 526 4333 religionis
555 4250 657 4327 cultu,
688 4266 719 4316 et
749 4253 823 4316 fidei
854 4254 1060 4336 professione,
1091 4251 1319 4337 aliquantisper
