3309 5309
372 665 435 724 210
615 677 750 720 Jonunrs
766 677 1045 720 snussuuaruusrs
1172 657 1255 736 [mn.
1273 677 1326 720 111.

375 828 479 892 verbis
501 827 680 903 docuerint,
697 840 730 890 ot
753 825 916 912 exemplis
962 826 1058 889 Unde
1081 837 1114 889 et
1137 824 1327 909 Aristippus

374 951 393 991 a
417 927 622 991 maledicente
645 950 677 990 se
698 926 874 1002 discedens,
898 925 1015 988 dixisse
1036 922 1172 1008 legitur3
1211 925 1261 986 Ut
1288 934 1326 987 tu

371 1030 491 1112 linguoe
506 1045 583 1107 tuae,
598 1028 640 1091 sic
656 1041 687 1091 et
702 1049 763 1111 ego
778 1049 918 1090 mearum
934 1029 1059 1090 aurium
1076 1026 1227 1089 dominus
1242 1047 1323 1089 sum.

370 1130 538 1194 Antitanes
559 1151 689 1213 quoque
704 1128 830 1191 cuidam
849 1126 979 1207 dicenti,
993 1127 1165 1192 Maledixit
1182 1126 1243 1190 tibi
1257 1126 1323 1202 ille,

370 1233 442 1294 Non
459 1229 547 1305 milri,
564 1230 679 1316 inquit,
694 1228 748 1293 sed
766 1228 822 1304 illi,
839 1229 894 1314 qui
911 1228 942 1292 in
959 1252 1003 1305 se,
1020 1228 1106 1313 quod
1131 1228 1186 1292 ille
1201 1229 1322 1314 culpat,

368 1332 519 1415 agnoscit.
567 1329 629 1394 Sed
645 1330 704 1394 etsi
728 1329 804 1392 milri
828 1328 1014 1393 maledicere
1036 1341 1138 1406 curet,
1153 1352 1217 1391 non
1233 1352 1319 1402 curo,

368 1432 446 1518 quia
454 1431 581 1497 auditus
591 1431 699 1512 lingua
710 1430 806 1493 debet
816 1452 883 1492 esse
892 1429 1172 1513 robustior,quum
1186 1429 1319 1514 singulis

367 1533 550 1597 hominibus
566 1533 684 1616 linguae
699 1532 761 1594 sint
778 1530 923 1614 singulae,
936 1531 990 1594 sed
1006 1552 1100 1594 aures
1115 1531 1210 1594 binae.
1248 1530 1317 1594 Ali·

367 1649 525 1721 quatenus
548 1650 760 1708 tamencum,
783 1633 858 1718 quia
880 1656 918 1696 eo
944 1633 1013 1717 ipso
1034 1655 1084 1695 me
1107 1632 1230 1697 fatetur
1252 1654 1318 1695 esse

366 1738 570 1822 superiorem,
600 1735 751 1820 quoniam
783 1733 955 1817 superioris
990 1754 1133 1818 personae
1162 1756 1241 1797 usus
1270 1744 1316 1796 est

364 1836 613 1901 detractionibus
624 1837 797 1922 subjacere,
805 1835 963 1899 inferioris
973 1835 1097 1899 inferre.
1133 1834 1316 1899 Gauderem

364 1938 484 2023 itaque,
507 1939 565 2002 uisi
591 1950 725 2022 urgente
752 1936 949 2000 humanitate
971 1949 1168 2021 compaterer
1189 1935 1314 1999 infelici.

366 2039 448 2103 Item
472 2042 511 2103 T.
528 2039 641 2102 Tatius
664 2037 860 2102 maledicenti
885 2038 945 2103 sibi
969 2038 1113 2116 Metello,
1136 2037 1256 2116 Facile,
1270 2037 1315 2101 in-

364 2139 445 2224 quit,
469 2139 571 2204 estin
594 2162 644 2202 me
671 2140 784 2217 dicere,
804 2162 904 2224 quum
930 2162 987 2202 nec
1009 2140 1068 2202 sim
1094 2161 1314 2224 responsurus.

362 2238 447 2315 Quid
482 2242 684 2324 Xenophon?
722 2243 785 2314 Tu,
817 2241 922 2326 inquit
955 2239 1094 2319 cuidam,
1128 2239 1313 2304 maledicere

360 2338 510 2413 didicisti,
536 2352 567 2404 et
593 2362 664 2424 ego,
690 2342 880 2405 conscientia
907 2353 994 2415 teste,
1021 2340 1118 2404 didici
1143 2340 1314 2406 maledicta

361 2451 568 2502 contemnere.
610 2437 671 2501 Sed
697 2452 729 2502 et
754 2440 927 2524 Diogenes,
949 2463 1051 2524 quum
1077 2441 1106 2505 ei
1132 2441 1313 2506 nunciasset

358 2538 488 2615 amicus,
511 2543 558 2603 Te
580 2539 671 2602 amici
692 2538 798 2602 cuncti
822 2539 1017 2624 vituperant,
1033 2541 1184 2624 Oportet,
1198 2541 1312 2626 inquit,

357 2639 540 2724 sapientiam
556 2639 597 2701 ab
613 2639 834 2724 insipientibus
854 2640 953 2716 feriri,
968 2663 1035 2704 esse
1049 2642 1132 2704 euim
1148 2641 1311 2706 meliorem

356 2737 475 2802 indicat
491 2739 573 2802 mala
587 2738 696 2821 lingua
713 2760 808 2821 quem
825 2739 937 2824 carpit.
972 2739 1058 2815 Quid
1074 2740 1189 2804 Plato?
1213 2741 1311 2805 totius

355 2837 566 2925 philosophiae
586 2838 694 2916 robur,
709 2837 862 2923 patientia
876 2851 934 2903 est.
979 2842 1087 2912 Quum
1109 2851 1142 2904 et
1166 2843 1310 2906 Socrates

355 2960 417 3001 non
440 2938 535 3003 modo
558 2938 655 3001 verbo
675 2951 769 3022 neget
793 2938 966 3023 sapientem
989 2962 1080 3024 posse
1101 2940 1232 3017 offendi,
1254 2941 1309 3005 sed

354 3039 507 3103 adversus
519 3061 641 3102 omnem
655 3039 815 3101 fortunam
829 3039 942 3101 robore
958 3040 1087 3104 virtutis
1099 3063 1167 3106 suae
1182 3064 1307 3107 manere

353 3139 556 3206 immobilem.
602 3140 646 3203 Et
669 3161 709 3201 ne
731 3139 933 3224 Philosophia
955 3139 1028 3204 solis
1051 3141 1238 3226 patientiam
1263 3143 1307 3207 sic

352 3239 510 3324 placuisse
524 3241 641 3319 credas,
655 3241 794 3324 ipsorum
813 3239 1047 3326 Imperatorum
1062 3243 1103 3307 ad
1118 3266 1186 3309 eam
1201 3245 1306 3330 publi·

352 3340 484 3404 eandam
500 3345 645 3426 exempla
659 3355 859 3406 concurrunt.
907 3345 945 3406 Iu
964 3343 1091 3407 Graecia
1105 3345 1179 3429 quis
1192 3346 1305 3430 major,

352 3451 408 3501 aut
435 3441 548 3504 clarior
575 3440 786 3506 Alexandro?
821 3441 863 3504 Ei
894 3442 1079 3526 Antigonus
1108 3446 1306 3531 paedagogus

352 3538 506 3604 citharam
530 3541 636 3626 fregit,
662 3541 843 3627 abjecitque
864 3542 991 3607 diceus:
1027 3542 1134 3609 AEtati
1156 3558 1221 3611 tuae
1237 3548 1305 3633 jam

352 3659 483 3720 regnare
512 3639 670 3718 convenit,
696 3639 882 3725 pudeatque
912 3641 944 3704 in
975 3664 1107 3728 corpore
1132 3648 1223 3729 regni
1253 3668 1304 3709 vo-

351 3738 507 3823 luptatem
538 3740 675 3802 luxuriae
701 3741 869 3804 dominari.
915 3743 1011 3816 Quod
1040 3756 1072 3809 et
1103 3744 1157 3808 ille
1181 3746 1303 3831 patien-

351 3836 469 3900 tissime
485 3837 570 3917 tulit,
584 3839 657 3902 licet
672 3839 857 3925 plerumque
879 3841 1172 3926 impatientissimus
1194 3845 1302 3926 fuerit,

348 3951 377 4003 ct
395 3951 516 4024 patrem
541 3939 621 4003 sicut
644 3940 775 4015 virtute,
791 3942 836 4005 ita
859 3942 945 4006 vitiis
967 3957 1140 4028 superaret.
1184 3946 1298 4012 Eidem

348 4061 477 4125 quoque
486 4037 645 4121 eleganter
655 4055 684 4102 et
697 4062 769 4103 vere
780 4043 1026 4126 comprehensus
1038 4044 1143 4129 pirata
1153 4046 1298 4112 scribitur
1358 4043 1360 4048 ’

348 4139 552 4226 respondisse.
581 4141 686 4216 Quum
703 4141 784 4204 euim
797 4142 981 4207 Alexander
989 4145 1211 4230 interrogaret,
1222 4145 1297 4232 quid

345 4242 373 4304 ei
390 4242 550 4305 videretur
570 4240 657 4325 quod
681 4263 764 4306 mare
787 4243 918 4308 haberet
941 4243 1106 4323 infestum,-
1122 4246 1177 4310 ille
1198 4247 1296 4312 libera
