3309 5309
698 693 840 740 οΔΡ.
871 675 1056 755 vnn]
1278 697 1280 700 ’
1346 696 1354 704 ·
1406 692 1914 738 mummi-mus,
2486 678 2603 738 181

693 847 894 910 Varia
923 847 1130 927 figura
1156 855 1535 928 temporum,
1567 854 1823 908 actuum
1866 845 2160 928 quaedam
2190 845 2456 908 varietas
2486 857 2598 908 est.

691 948 892 1011 Porro
922 947 1175 1011 actibus
1201 967 1489 1030 personae
1520 946 1906 1023 deserviunt,
1930 945 2079 1008 dum
2113 946 2181 1008 in
2214 946 2308 1008 eis
2336 946 2603 1009 fortunae

681 1047 972 1131 jocantis
1008 1046 1200 1109 ludus
1238 1046 1552 1128 impletur.
1630 1045 1806 1116 Quid
1846 1034 2015 1108 enim
2062 1047 2239 1110 alind
2282 1056 2398 1122 est,
2428 1045 2606 1128 quod

694 1173 937 1215 novum
968 1150 1339 1233 quemlibet,
1359 1159 1424 1211 et
1443 1149 1757 1230 ignotum,
1782 1169 1955 1211 nunc
1983 1149 2375 1231 amplissimo
2400 1147 2609 1210 induit

693 1261 1056 1336 potentatu,
1103 1263 1167 1314 et
1209 1251 1275 1312 in
1322 1250 1501 1331 regni
1544 1250 1869 1330 fastigium
1929 1251 2133 1332 erigit,
2182 1272 2356 1314 nunc
2410 1249 2607 1313 alium

695 1363 1118 1438 purpuratum
1169 1363 1508 1436 antequam
1563 1362 1780 1414 natum
1845 1352 1925 1414 de
1979 1353 2157 1433 regni
2210 1352 2489 1416 culmine
2538 1352 2607 1414 in

698 1465 965 1519 catenas
1023 1453 1285 1517 hostiles
1342 1453 1616 1537 projicit,
1675 1462 1741 1515 et
1799 1453 2083 1516 servituti
2142 1452 2493 1530 addictum,
2541 1454 2611 1515 in

701 1555 989 1620 miserias
1012 1565 1327 1619 extremas
1357 1553 1739 1638 praecipitat.
1816 1556 1943 1616 Aut
1972 1554 2146 1637 quod
2167 1554 2465 1637 frequens
2494 1565 2612 1631 est,

703 1679 838 1720 non
884 1656 1080 1719 modo
1123 1667 1559 1739 tyrannorum,
1605 1654 1721 1718 sed
1767 1665 1833 1718 et
1874 1655 2237 1738 principum
2282 1655 2610 1734 sanguine,

700 1757 1074 1821 infimorum
1119 1758 1470 1832 hominum,
1503 1768 1613 1820 aut
1658 1757 1848 1819 etiam
1890 1756 2108 1819 vilium
2149 1775 2490 1831 servorum,
2517 1756 2614 1817 in-

703 1861 907 1924 fames
937 1869 1226 1923 cruentat
1256 1855 1546 1940 gladios?

925 1997 983 2049 Si
1005 1996 1211 2049 fortuna
1232 1995 1391 2060 volet,
1415 1996 1597 2066 inquit,
1620 1995 1717 2049 fiet
1741 1997 1807 2050 de
1830 1997 2036 2050 rhetore
2063 1996 2287 2050 Consul:

923 2081 982 2134 Si
1003 2081 1144 2134 volet
1164 2081 1277 2135 haec
1300 2082 1500 2146 eadem,
1523 2080 1620 2134 fiet
1641 2082 1709 2134 de
1734 2083 1963 2135 Consule
1984 2082 2174 2135 rhetor.

711 2199 792 2260 In
823 2217 1033 2279 eoque
1077 2197 1209 2260 vita
1249 2193 1581 2260 hominum
1628 2197 1987 2279 Tragoediae
2038 2219 2227 2283 quam
2263 2195 2617 2261 Comoediae

714 2298 968 2361 videtur
1013 2319 1151 2361 esse
1200 2298 1489 2374 similior,
1537 2298 1709 2383 quod
1762 2299 2046 2362 omnium
2100 2299 2228 2362 fere
2278 2299 2474 2361 tristis
2526 2306 2624 2362 est

717 2400 953 2478 exituS‚
972 2399 1123 2462 dum
1149 2401 1364 2463 omnia
1387 2401 1610 2463 mundi
1635 2400 1848 2464 dulcia
1872 2413 2370 2484 quantacunque
2392 2400 2629 2464 fuerint

720 2511 1143 2576 amarescunt,
1178 2512 1242 2564 et
1263 2512 1549 2564 extrema
1579 2500 1795 2583 gaudii
1816 2504 2027 2565 luctus
2050 2510 2344 2584 occupat.
2408 2501 2630 2572 Quan-

721 2601 1023 2664 tumlibet
1053 2601 1124 2665 in
1163 2603 1281 2665 viis
1326 2605 1458 2666 suis
1501 2603 1711 2686 iniqui
1748 2603 2035 2678 floreant,
2076 2610 2142 2663 et
2184 2621 2629 2682 prosperorum

720 2724 1036 2766 concursu
1087 2704 1477 2784 inaurentur,
1522 2704 1616 2767 eis
1667 2702 1751 2772 ad
1800 2714 2027 2765 nutum
2081 2703 2331 2764 fortuna
2383 2701 2633 2778 serviat,

721 2806 1045 2868 subvertet
1072 2805 1138 2867 in
1170 2805 1300 2867 fine
1330 2826 1581 2887 gressus
1611 2825 1853 2881 eorum,
1875 2814 1943 2866 et
1971 2801 2230 2865 tandem
2254 2823 2466 2865 amara
2487 2802 2631 2876 erit,

724 2906 909 2991 quasi
962 2907 1370 2970 absinthium.
1462 2908 1697 2983 Quare,
1740 2906 1952 2987 inquit
1992 2906 2216 2967 beatus
2257 2903 2408 2980 Job,
2451 2902 2635 2986 impii

725 3004 967 3081 vivunt,
1002 3004 1321 3067 sublevati
1360 3016 1527 3078 sunt,
1561 3005 2028 3087 confortatique
2060 3000 2336 3065 divitiis?
2400 3004 2635 3066 Semen

725 3120 952 3168 eorum
996 3114 1323 3186 permanet
1367 3125 1580 3166 coram
1626 3106 1740 3182 eiS,
1771 3105 2275 3187 propinquorum
2318 3105 2529 3177 turba,
2571 3113 2638 3166 et

725 3214 1038 3287 nepotum
1085 3202 1154 3263 in
1200 3214 1554 3285 conspectu
1597 3224 1837 3281 eorum,
1870 3200 2099 3265 domus
2143 3223 2357 3265 eorum
2401 3223 2641 3270 securae

728 3317 880 3369 sunt
907 3313 974 3366 et
1001 3311 1267 3387 pacatae,
1297 3314 1361 3366 et
1390 3326 1519 3367 non
1555 3316 1652 3368 est
1680 3306 1855 3386 virga
1887 3305 2012 3367 Dei
2044 3325 2234 3387 super
2262 3305 2426 3368 illos.
2500 3306 2639 3368 Bos

727 3426 951 3470 eorum
997 3405 1302 3488 concepit
1345 3417 1412 3468 et
1454 3427 1586 3468 non
1630 3407 1963 3483 abortivit;
2023 3427 2218 3470 vacca
2260 3407 2527 3491 peperit,
2574 3419 2642 3473 et

728 3527 859 3569 non
892 3506 1139 3588 privata
1170 3516 1269 3568 est
1307 3506 1466 3569 foetu
1498 3514 1646 3570 suo.'
1725 3506 2164 3588 Egrediuntur
2209 3508 2388 3591 quasi
2417 3529 2643 3590 greges

727 3605 981 3689 parvuli
1031 3627 1267 3685 eorum,
1322 3618 1388 3670 et
1436 3608 1713 3671 infantes
1764 3628 1982 3670 eorum
2034 3609 2324 3671 exultant
2373 3610 2643 3675 lusibus,

733 3708 992 3770 Tenent
1010 3718 1386 3790 tympanum
1407 3720 1474 3772 et
1503 3709 1836 3785 citharam,
1861 3722 1923 3772 et
1944 3708 2226 3790 gaudent
2249 3708 2332 3772 ad
2364 3711 2642 3774 sonitum

739 3807 981 3890 organi.
1069 3808 1335 3870 Ducunt
1373 3808 1440 3871 in
1471 3809 1662 3871 bonis
1702 3809 1841 3873 dies
1874 3830 2044 3888 suos,
2073 3820 2139 3872 et
2176 3811 2241 3873 in
2270 3823 2514 3894 puncto
2559 3811 2648 3876 ad

736 3908 986 3971 inferna
1015 3907 1434 3972 descendunt.
1525 3911 1688 3981 Quis
1714 3911 1953 3974 laetitiae
1983 3913 2403 3996 praecedentis
2432 3913 2648 3976 exitus

741 4019 955 4091 potest
998 4028 1136 4072 esse
1181 4009 1472 4087 amarior,
1516 4022 1626 4074 aut
1669 4011 1874 4075 felicis
1920 4013 2039 4076 viae
2089 4013 2404 4077 infelicior
2448 4010 2644 4073 finis?

746 4110 914 4171 Haec
964 4119 1062 4173 est
1107 4111 1280 4173 enim
1325 4111 1424 4174 via
1464 4113 1740 4191 illorum,
1786 4114 1899 4198 qui
1942 4115 2010 4178 in
2053 4116 2274 4177 labore
2318 4109 2651 4174 hominum

744 4231 877 4272 non
909 4220 1079 4288 sunt,
1108 4233 1315 4295 neque
1347 4234 1495 4275 cum
1524 4214 1896 4278 hominibus
1928 4214 2437 4294 flagellabuntur.
2509 4206 2655 4274 Uti*

746 4332 868 4394 que
902 4310 1140 4395 dejecit
1169 4335 1279 4378 eos
1328 4315 1669 4378 consilium
1700 4315 1984 4392 Domini,
2016 4314 2172 4378 dum
2216 4314 2410 4381 alles„
