3309 5309
354 683 424 730 cnr.
440 666 520 747 riu]
707 688 963 736 ronucnsrrcus.
1275 678 1316 735 49

353 838 441 901 tione
466 836 643 915 stellarum,
669 838 798 923 situque
823 838 1027 917 firmamenti,
1051 851 1083 905 et
1110 839 1313 926 planetarum

352 951 455 1014 motu,
472 962 549 1024 quae
565 937 628 1001 sint
643 951 777 1001 ventura
791 937 977 1023 conjiciunt,
994 951 1030 1003 ut
1047 952 1092 1003 est
1109 938 1209 1004 illud:

458 1046 560 1099 Nostra
572 1045 612 1098 vel
626 1045 719 1114 sequali
732 1046 867 1117 suspendit
878 1052 997 1117 tempora
1008 1047 1075 1100 libra

460 1130 545 1182 Parca
557 1135 639 1182 tenax
650 1130 714 1192 veri,
726 1147 773 1183 seu
784 1135 847 1182 nata
857 1130 980 1185 fidelibus
991 1132 1062 1185 hora.

460 1216 563 1268 Dividit
575 1218 603 1268 in
614 1216 741 1268 Geminos
753 1217 887 1269 concordia
898 1216 969 1270 facta
982 1218 1096 1283 duorum,

351 1361 353 1366 ,
458 1300 652 1370 Saturnumque
663 1318 770 1367 gravem
781 1306 868 1353 nostro
879 1301 944 1354 Jove
958 1298 1101 1370 frangimus
1112 1322 1176 1369 uua,

460 1385 558 1439 Nescio
570 1386 639 1455 quod
651 1390 722 1439 certe
735 1393 784 1451 est,
798 1387 866 1456 quod
878 1393 905 1440 te
917 1388 983 1440 mihi
993 1393 1120 1461 temperat
1132 1397 1240 1443 aenum.

352 1477 399 1537 Ac
426 1475 455 1537 si
480 1472 644 1537 stellarum
671 1472 803 1535 choreas
827 1473 1120 1560 applicationesque
1146 1478 1243 1543 unius
1268 1475 1310 1542 ad

352 1574 484 1639 alteram
502 1584 625 1638 constet
643 1574 751 1650 rebus,
767 1597 843 1659 quae
862 1598 901 1638 ex
922 1573 1047 1639 arbitrii
1070 1576 1218 1643 libertate
1238 1603 1311 1664 pro·

353 1676 499 1753 veniunt,
529 1674 690 1763 quandam
729 1676 925 1741 necessitatis
961 1690 1112 1762 praestare
1146 1679 1309 1761 originem,

351 1801 490 1864 quorum
512 1792 545 1843 et
567 1779 769 1863 genethliaci,
785 1779 843 1864 qui
865 1801 1007 1865 geneses,
1026 1778 1061 1843 id
1083 1792 1131 1845 est
1153 1780 1312 1846 natalitias

351 1880 447 1944 horas
462 1880 646 1959 attendunt,
658 1880 826 1945 imitantur
836 1903 985 1947 errorem.
1025 1882 1122 1948 Unde
1133 1882 1309 1968 Satyricus,

458 1989 533 2042 Nota
543 1990 735 2043 mathematicis
746 1990 851 2059 genesis
862 1996 918 2044 tua.

354 2075 456 2141 Iidem
474 2100 549 2141 vero
562 2077 729 2162 horoscopi
744 2077 959 2143 nominantur.
1004 2076 1100 2143 Unde
1115 2100 1237 2155 rursus,

601 2177 726 2231 Geminos
738 2177 878 2251 horoscope
890 2196 960 2231 varo.

460 2263 587 2316 Producis
598 2264 684 2331 genio.

350 2349 467 2435 Viguit
489 2364 595 2415 autem
616 2350 680 2415 ista
702 2354 832 2416 scientia
853 2364 886 2416 et
908 2351 990 2417 forte
1012 2376 1080 2417 eam
1103 2353 1307 2441 aliquatenus

348 2450 441 2516 licuit
464 2454 615 2528 exerceri,
638 2450 739 2516 donec
761 2455 867 2516 Deum
890 2465 1002 2517 natum
1024 2454 1189 2519 nunciavit
1213 2456 1308 2521 stella

349 2552 391 2617 de
413 2553 502 2634 cralo,
522 2575 697 2639 magosque
719 2575 783 2620 non
806 2555 958 2639 reprobos
981 2555 1141 2640 primitias
1164 2555 1240 2622 fidei
1265 2557 1307 2621 ad

348 2681 422 2723 eum
445 2656 644 2722 adorandum
666 2681 750 2721 novo
771 2672 804 2721 et
826 2657 973 2722 inaudito
995 2656 1116 2721 ducatu
1142 2657 1307 2742 perduxit.

350 2759 479 2825 Exinde
494 2783 569 2824 vero
583 2761 713 2847 penitus
732 2760 903 2824 interdicta
922 2770 980 2824 cst.
1027 2759 1229 2824 Salissatores
1250 2764 1308 2847 qui

348 2885 390 2928 ex
412 2868 494 2928 saltu
518 2864 747 2942 membrorum,
768 2875 824 2927 aut
851 2862 1015 2948 inopinato
1037 2862 1180 2949 corporis
1205 2853 1307 2942 motu,

347 2987 535 3051 prosperum
551 2963 675 3049 aliquid
691 2964 838 3028 futurum
859 2977 1039 3044 autumant,
1055 2965 1106 3028 vel
1125 2962 1306 3028 adversum.

348 3066 502 3150 Sortilegi
517 3076 603 3139 sunt,
619 3065 676 3150 qui
692 3064 752 3127 sub
770 3063 897 3127 nomine
912 3064 998 3128 iictae
1022 3063 1182 3145 religionis
1197 3086 1310 3148 super-

347 3170 475 3236 stitiosa
489 3165 629 3252 quadam
644 3165 877 3241 observatione,
889 3186 994 3229 rerum
1009 3164 1200 3251 pollicentur
1214 3187 1307 3228 even·

348 3285 411 3353 tus,
425 3267 519 3357 quod
541 3289 644 3353 genus
658 3279 759 3331 sortes
773 3266 1000 3353 Apostolorum
1017 3278 1049 3331 et
1068 3266 1306 3353 prophetarum,

347 3386 379 3437 et
394 3370 624 3447 dividentium,
640 3382 672 3434 et
689 3368 843 3457 inspectio
857 3368 989 3449 tabuloe,
1003 3393 1077 3457 quae
1093 3370 1306 3457 Pythagorica

348 3474 541 3561 appellatur,
558 3471 739 3537 observatio
761 3493 890 3558 quoque
911 3472 1068 3559 cujusque
1088 3495 1180 3538 casus
1200 3474 1233 3537 in
1256 3476 1302 3541 rei

345 3577 386 3641 de
416 3600 483 3663 qua
512 3576 680 3663 quaeritur,
711 3574 952 3660 significatione.
1008 3574 1192 3661 Augurium
1226 3599 1301 3641 vero

346 3675 434 3763 quod
457 3686 504 3739 est
526 3676 558 3739 in
581 3674 689 3739 avium
715 3673 948 3750 observatione,
974 3676 1120 3760 Phryges
1146 3675 1302 3741 invenisse

347 3778 532 3853 traduntur,
555 3778 644 3863 quod
667 3778 699 3840 in
722 3800 798 3840 voce
821 3776 962 3841 traditur
988 3789 1044 3841 aut
1071 3776 1192 3843 volatu.
1237 3782 1299 3844 Est

344 3893 450 3946 autem
481 3877 655 3943 secundum
690 3877 893 3943 traditionem
927 3900 1049 3959 eorum,
1078 3881 1203 3943 volatus
1231 3892 1297 3945 tam

346 3982 467 4046 alarum
484 4003 580 4067 quam
595 3979 732 4066 pedum:
756 3980 830 4043 vola
844 3977 1001 4065 siquidem
1017 3991 1065 4043 est
1080 4001 1154 4064 pars
1169 3979 1298 4044 interior

346 4084 459 4169 palmae
483 4082 534 4147 vel
557 4082 659 4169 pedis.
704 4080 802 4145 Unde
826 4080 914 4168 apud
940 4085 1106 4147 Maronem
1133 4082 1166 4145 in
1192 4094 1296 4154 sexto,
1374 4119 1381 4136 ι

346 4184 496 4248 Volantes
525 4205 584 4268 pro
613 4182 835 4268 gradientibus
868 4183 1025 4249 columbae
1059 4182 1298 4248 describuntur.

347 4288 420 4352 Hoc
443 4285 561 4349 etenim
588 4284 630 4349 ad
654 4285 790 4350 hominis
814 4288 954 4370 pertinet
977 4284 1174 4361 felicitatem,
1198 4281 1223 4344 si
1247 4303 1300 4343 co·

389 4408 460 4453 von.
478 4407 530 4452 111.
820 4407 840 4449 n
