3309 5309
362 658 432 706 cra.
449 642 526 722 xm]
730 660 986 708 eourcnarmus
1012 676 1041 713 -,
1259 654 1322 711 259

1049 742 1057 765 .

360 833 485 891 noceas,
503 823 535 875 et
557 834 596 875 ex
621 809 723 874 officio
742 810 950 878 humanitatis
971 814 1139 898 prohibeas
1159 829 1315 882 nocentes.

360 914 469 990 Quum
481 935 557 976 vero
566 935 669 990 noces,
679 913 802 978 accedis
811 914 852 978 ad
865 914 1023 1001 injuriam.
1047 917 1155 993 Quum
1166 930 1314 982 nocentes

357 1034 421 1076 uon
443 1012 591 1098 impedis,
612 1012 778 1099 injustitiae
800 1013 972 1080 famularis.
1019 1016 1080 1080 Est
1107 1029 1214 1082 autem
1236 1041 1310 1082 cou-

358 1103 500 1190 tumelia‚
516 1115 646 1201 quando
668 1131 822 1181 tumorem
846 1118 961 1182 mentis
975 1117 1009 1181 in
1031 1117 1157 1183 laesione
1178 1119 1311 1188 alterius

357 1217 528 1282 manifesta
542 1217 647 1303 operis
661 1219 789 1304 sequela
803 1219 982 1285 comitatur.
1019 1222 1134 1306 quue
1148 1221 1311 1309 iniquitati

356 1319 465 1399 servit,
490 1319 578 1407 quod
604 1320 637 1384 in
663 1342 748 1401 eum,
769 1322 821 1386 cui
845 1321 1022 1386 reverentia
1045 1344 1104 1408 pro
1129 1324 1311 1390 conditione

355 1420 451 1486 officii
466 1423 518 1486 vel
532 1436 656 1488 naturae
678 1425 838 1489 consortio
859 1424 1007 1504 debetur,
1020 1424 1190 1490 insolenter
1205 1426 1309 1492 insur-

353 1523 413 1609 git.
443 1524 548 1589 Dolus
558 1537 667 1590 autem
679 1538 727 1589 est
740 1526 786 1604 (ut
798 1524 915 1589 diffinit
928 1524 1091 1609 Aquilius)
1105 1548 1206 1611 quum
1218 1527 1308 1592 aliud

354 1627 476 1710 agitur,
496 1639 529 1690 et
548 1626 635 1690 aliud
658 1626 836 1692 simulatur.
882 1626 992 1692 Malus
1013 1626 1139 1711 utique,
1162 1628 1308 1714 quotiens

354 1727 392 1792 fit
406 1727 580 1794 intentione
596 1729 739 1793 nocendi.
770 1729 890 1793 Differt
907 1741 1013 1793 autem
1025 1727 1198 1815 plurimum
1214 1730 1309 1795 dolus

353 1851 374 1891 a
389 1829 593 1906 contumelia,
608 1829 759 1914 quoniam
775 1828 844 1894 haec
865 1829 1001 1915 superbe
1016 1840 1048 1892 et
1063 1827 1240 1905 manifesto,
1256 1827 1309 1892 ille

353 1927 577 2007 fraudulenter
598 1943 629 1993 et
652 1929 744 2014 quasi
766 1929 807 1993 ab
828 1929 951 1995 insidiis
973 1942 1073 1994 nocet.
1119 1929 1201 1994 Haec
1224 1942 1308 2010 sunt,

353 2053 428 2116 quae
450 2054 552 2118 quum
572 2033 751 2108 incurrunt,
767 2033 935 2099 cathedras
956 2034 1148 2097 subvertunt
1163 2033 1306 2103 omnium

353 2135 560 2220 potestatum,
580 2134 657 2220 quia
676 2158 695 2198 a
715 2134 880 2201 contrariis
898 2147 1109 2222 perpetuatur
1128 2134 1308 2220 principum

351 2234 464 2322 gloria.
509 2236 613 2302 Dolus
635 2261 772 2325 namque
794 2262 834 2303 ex
858 2237 1038 2303 timiditatis
1059 2236 1197 2323 imagine
1218 2236 1306 2301 infir·

354 2338 475 2403 mitatis
493 2353 599 2406 notam
621 2341 729 2419 habet,
745 2353 777 2405 et
797 2341 981 2407 fortitudini
1000 2341 1174 2427 plurimum
1194 2342 1306 2406 adver·

353 2451 452 2505 satur.
498 2442 732 2508 Contumeliam
755 2442 928 2528 prudentia
943 2443 1096 2528 reprimit,
1110 2442 1308 2527 ingeminans

348 2541 485 2627 jugiter,
499 2544 580 2629 quid
601 2545 634 2608 in
657 2557 774 2609 terram
797 2556 830 2608 et
852 2545 986 2608 cinerem
1004 2544 1147 2629 superbit
1171 2555 1255 2607 terra
1276 2556 1308 2608 et

352 2641 458 2706 cinis?
497 2645 651 2730 lnjuriam
684 2643 894 2728 temperantia
923 2665 985 2706 non
1015 2642 1169 2723 admittit,
1198 2643 1306 2708 nolens

351 2742 470 2807 inferre
489 2745 553 2822 alii,
569 2745 656 2830 quod
679 2745 738 2808 sibi
759 2742 857 2807 nollet
871 2744 912 2808 ab
928 2743 990 2807 alio
1009 2743 1153 2828 irrogari.
1197 2747 1243 2808 Et
1257 2744 1305 2809 in-

345 2844 508 2930 justitiam
527 2844 656 2930 justitia
677 2842 830 2921 excludit,
848 2866 1078 2929 usquequaque
1100 2844 1218 2910 faciens
1239 2845 1305 2923 alii,

348 2944 438 3030 quod
453 2943 670 3010 faciendorum
688 2943 782 3007 vellet
802 2944 844 3008 ab
867 2945 930 3008 alio
951 2945 1019 3007 fieri
1040 2943 1101 3008 sibi
1121 2945 1193 3030 ipsi.
1239 2947 1303 3009 Hae

348 3059 423 3111 sunt
454 3056 592 3128 quatuor
622 3044 768 3125 virtutes,
798 3067 878 3130 quas
913 3046 1094 3131 philosophi
1130 3045 1304 3111 cardinales

347 3144 523 3234 appellant,
546 3168 584 3209 eo
609 3147 699 3231 quod
722 3168 743 3209 a
763 3147 868 3234 primo
892 3147 981 3212 fonte
1002 3146 1186 3222 honestatis,
1212 3151 1305 3233 quasi

346 3250 444 3337 primi
466 3247 563 3312 rivuli
587 3270 733 3312 emanare
758 3248 940 3322 credantur,
965 3262 997 3314 et
1023 3250 1063 3315 de
1091 3273 1124 3313 se
1147 3251 1302 3317 bonorum

347 3352 491 3427 omnium
507 3349 628 3415 fluenta
647 3372 834 3436 propagare.
880 3355 961 3416 Haec
976 3350 1060 3417 forte
1074 3363 1148 3416 sunt
1165 3366 1304 3438 quatuor

348 3450 492 3530 flumina,
501 3475 576 3539 quae
591 3450 632 3515 de
646 3450 794 3536 paradiso
809 3450 992 3516 delitiarum
1006 3453 1069 3517 Dei
1084 3446 1304 3536 egrediuntur,

348 3565 388 3618 ut
402 3552 533 3638 irrigent
545 3539 668 3617 omnem
685 3564 812 3628 terram,
824 3574 889 3637 quo
903 3552 1044 3617 fructum
1061 3552 1299 3618 desiderabilem

348 3653 461 3718 afferat
482 3652 514 3717 in
537 3666 679 3738 tempore
700 3675 766 3716 suo.
812 3652 945 3716 Utinam
966 3664 998 3716 et
1021 3652 1061 3718 ad
1083 3674 1133 3715 me
1152 3652 1193 3716 de
1211 3653 1301 3718 sonte

346 3755 423 3820 vitae
457 3755 609 3839 (divinam
639 3754 775 3839 gratiam
809 3753 936 3840 loquor)
967 3754 1065 3840 hujus
1094 3755 1302 3840 plenitudinis

346 3868 566 3943 pertranseant
580 3856 689 3934 rivuli,
700 3856 859 3921 ariditatis
873 3878 952 3919 meae
966 3856 1158 3922 inebriantes
1173 3872 1300 3934 terram,

346 3968 385 4021 ut
406 3969 620 4021 succrescente
639 3956 749 4022 fructu
772 3958 927 4021 bonorum
951 3979 1094 4042 operum,
1111 3958 1220 4023 saltem
1244 3960 1297 4023 de-

344 4058 462 4122 clinare
477 4059 598 4123 valeam
614 4059 807 4124 imminentis
823 4060 941 4124 securis
956 4063 1066 4140 ictum,
1081 4085 1155 4146 quae
1170 4061 1298 4144 exigen-

347 4160 435 4224 tibus
450 4162 554 4247 culpis
564 4163 654 4241 meis,
664 4161 705 4226 ad
721 4163 857 4227 radicem
873 4186 986 4237 meam,
998 4165 1090 4248 quasi
1106 4163 1145 4226 ad
1162 4161 1300 4224 radicem

347 4262 555 4328 infructuosae
571 4263 703 4339 arboris,
720 4266 822 4347 posita
837 4269 904 4328 est!
939 4265 1161 4346 Quodcunque
1177 4264 1300 4347 lignum

800 4383 815 4424 s
831 4371 850 4424 2
