3309 5309
219 657 289 701 car.
307 641 430 721 xxvia]
577 660 830 708 ronrcaarrcus.
1115 652 1176 714 147

215 808 299 872 enim
323 808 436 874 fuisset
463 814 603 887 Samuel,
626 834 826 898 nequaquam
854 838 887 878 se
912 817 1108 901 permisisset
1130 821 1171 884 ab

216 911 345 975 homine
368 911 504 989 adorari,
528 914 584 999 qui
607 915 781 979 secundum
804 912 906 1001 legem
929 919 1118 992 crediderat,
1139 935 1170 986 et

214 1011 368 1079 docuerat
380 1036 479 1077 unum
491 1015 597 1078 Deum
609 1030 640 1080 et
658 1014 834 1080 Dominum
847 1016 1055 1086 adorandum.
1085 1023 1172 1084 Prae-

215 1129 302 1182 terea
317 1130 434 1181 sanctae
445 1119 589 1183 animaea
603 1127 757 1203 potestate
771 1118 983 1204 malignorum
997 1121 1168 1207 spirituum

214 1229 373 1304 exemptae
388 1228 472 1282 sunt.
516 1219 681 1281 Postremo
696 1215 820 1303 decepti
836 1221 971 1284 hominis
993 1244 1055 1285 non
1070 1221 1167 1287 iovis-

169 1343 172 1347 ’
214 1332 441 1394 semermi-em,
471 1315 560 1404 quod
589 1341 661 1382 eum
692 1342 731 1382 ex
762 1321 1029 1406 subsequentibus
1057 1323 1167 1388 fecisse

212 1419 386 1504 colligitur.
431 1420 524 1486 Dixit
537 1435 645 1485 autem
667 1420 794 1485 Samuel
815 1421 856 1485 ad
884 1422 1029 1489 Saulem:
1059 1426 1166 1502 Quare

211 1521 400 1607 inquietasti
416 1545 466 1585 me
484 1532 522 1586 ut
545 1521 737 1586 suscitarer?
769 1524 851 1587 Haec
866 1535 913 1587 est
935 1524 1018 1587 enim
1033 1526 1167 1591 fraudu-

211 1622 310 1688 lentia
333 1623 542 1709 malignorum
566 1624 749 1710 spirituum,
766 1637 802 1688 ut
818 1625 907 1710 quod
933 1625 1018 1689 ultro
1033 1627 1166 1709 faciunt,

211 1737 243 1790 et
260 1725 384 1790 dictant
399 1725 580 1790 hominibus
594 1726 787 1801 faciendum,
802 1749 933 1812 operose
954 1727 1165 1808 dissimulent,

210 1840 248 1892 ut
264 1827 324 1892 hoc
338 1826 440 1892 facere
453 1827 623 1893 videantur
646 1828 748 1893 iuviti.
793 1827 951 1894 Simulant
973 1853 1005 1892 se
1029 1843 1166 1911 coactos,

210 1941 244 1994 et
265 1930 358 2016 quasi
373 1930 618 1995 exorcismorum
635 1931 755 1995 virtute
778 1943 937 1995 extractos
953 1933 1099 2016 fingunt3
1131 1945 1164 1999 et

210 2054 278 2118 quo
303 2032 409 2096 minus
433 2045 616 2109 caveantur,
642 2031 832 2096 exorcismos
861 2033 951 2119 quasi
979 2032 1010 2097 in
1037 2036 1163 2099 nomine

210 2133 353 2209 Domini,
376 2146 433 2198 aut
453 2134 487 2198 in
512 2133 577 2198 fide
601 2133 762 2209 trinitatis,
788 2146 845 2198 aut
871 2135 1106 2212 incarnationis,
1129 2150 1160 2201 et

208 2234 363 2321 passionis
392 2236 511 2300 virtute
541 2250 710 2321 conceptos
738 2250 945 2322 componunt,
970 2235 1163 2324 eosdemque

208 2337 393 2404 bominibus
427 2338 570 2419 tradunt,
598 2339 818 2404 exercentibus
847 2362 900 2402 eos
932 2339 1162 2424 obtemperant,

208 2440 310 2504 donec
327 2463 380 2504 eos
401 2461 505 2505 secum
529 2440 657 2505 crimine
680 2440 846 2524 sacrilegii,
861 2453 893 2504 et
915 2463 1010 2526 poena
1032 2441 1163 2506 damna-

209 2541 306 2606 tionis
331 2541 502 2606 iuvolvant.
548 2541 794 2626 Transfigurant
818 2541 914 2605 etiam
942 2564 975 2605 se
999 2541 1162 2607 interdum

207 2647 240 2707 in
257 2642 385 2727 angelos
399 2640 489 2720 lucis,
504 2643 636 2707 honesta
656 2642 722 2705 sola
744 2640 945 2727 praecipiunt,
959 2641 1068 2705 illicita
1090 2664 1163 2727 pro-

207 2745 331 2824 hibent,
356 2744 545 2809 munditiam
572 2754 807 2815 consectantur,
833 2739 1028 2805 utilitatibus
1057 2741 1163 2828 provi-

206 2846 296 2924 dent,
308 2859 344 2913 ut
359 2847 449 2932 quasi
459 2846 535 2910 boni
550 2858 581 2910 et
598 2844 729 2932 propitii
740 2843 929 2907 familiarius
940 2842 1163 2925 admittantur,

207 2948 381 3014 audiantur
402 2947 582 3032 benignius,
604 2956 751 3009 amentur
773 2944 902 3022 arctina,
917 2942 1042 3008 facilius
1064 2965 1161 3007 exeu-

205 3050 355 3115 diantur:
382 3047 527 3112 habitum
543 3070 670 3134 quoque
685 3044 823 3109 induunt
838 3044 1066 3108 venerabilium
1088 3067 1159 3130 per·

205 3171 367 3222 sonarum,
383 3159 419 3213 ut
433 3147 478 3212 eis
493 3149 593 3234 major
608 3160 640 3212 et
656 3148 833 3232 promptior
848 3145 1024 3209 reverentia
1038 3146 1159 3231 impen-

203 3251 310 3316 datur.
345 3252 391 3314 Et
406 3248 451 3313 ait
469 3247 561 3311 Saul:
587 3248 739 3311 Coarctor
754 3243 856 3307 nimis.
903 3243 1069 3330 Siquidem
1081 3244 1162 3329 Phi-¹

203 3334 315 3418 listiim
333 3364 478 3438 pugnant
497 3349 663 3413 adversum
687 3367 747 3425 me,
763 3358 797 3409 et
815 3349 905 3410 Deus
917 3345 1044 3410 recessit
1060 3369 1079 3409 a
1095 3370 1156 3425 me,

203 3466 236 3518 et
259 3451 412 3518 exaudire
434 3474 484 3514 me
498 3449 613 3524 noluit,
631 3447 781 3532 usquein
797 3469 893 3510 manu
914 3447 1155 3532 prophetarum,

203 3577 308 3642 neque
333 3576 390 3640 per
415 3555 546 3616 somnia.
601 3548 716 3613 Vocavi
742 3570 818 3633 ergo
845 3562 887 3628 te,
913 3560 951 3612 ut
975 3549 1156 3614 ostenderes

202 3659 281 3723 mihi
296 3656 374 3743 quid
389 3655 514 3720 faciam.
559 3656 610 3716 Ac
622 3652 647 3716 si
663 3663 772 3737 aperte
787 3649 890 3714 dicat:
909 3651 949 3714 In
964 3651 1155 3737 desperatio·

201 3758 251 3822 nis
265 3758 416 3842 abyssum
431 3752 650 3841 praecipitatus
665 3773 745 3815 sum.
788 3754 983 3836 Impugnant
1000 3751 1153 3834 homines

200 3858 318 3923 deserit
341 3858 442 3931 Deus,
458 3867 490 3919 et
512 3878 572 3939 ego
593 3853 633 3917 ad
657 3864 699 3927 te,
716 3851 771 3938 qui
793 3851 826 3914 in
850 3852 984 3916 veritate
1007 3853 1153 3941 utrisque

199 3957 370 4022 inimicaris
392 3953 554 4038 confugio,
571 3963 608 4016 ut
631 3950 722 4036 quasi
745 3951 860 4014 doctor
879 3950 1071 4038 discipulum
1094 3954 1152 4017 do·

199 4081 280 4135 ceas,
310 4055 389 4143 quid
419 4078 469 4118 me
499 4054 530 4117 in
561 4066 650 4118 tanta
684 4051 830 4134 angustia
864 4064 1009 4137 oporteat
1041 4054 1151 4117 facere.

199 4160 287 4227 Licet
304 4161 387 4222 enim
413 4180 483 4220 eum
503 4155 557 4242 qui
581 4155 770 4240 loquebatur
794 4153 936 4217 crederet
961 4152 1150 4226 Samuelem,

200 4277 304 4326 tamen
321 4260 353 4323 in
369 4261 502 4322 veritate
518 4270 585 4321 erat
601 4255 732 4340 augelus
751 4256 909 4321 Sathanae.
956 4256 1023 4316 Nec
1045 4254 1151 4338 potuit

651 4373 669 4420 Ι,
687 4366 706 4419 2
