3309 5309
349 667 420 711 car.
438 645 501 726 xa]
704 662 960 709 ronxcnarrcus.
1242 653 1305 710 2⁵7

347 817 671 900 mitissimum,quum
683 837 700 876 e
710 814 871 879 contrario
879 828 1001 879 certum
1012 816 1158 901 sit‚quod
1171 828 1302 902 propter

347 934 477 1004 peccata
502 915 614 1002 populi
637 915 794 1001 permittit
818 919 908 979 Deus
934 939 1064 1000 regnare
1090 917 1302 1002 hypocritam,

345 1031 378 1082 et
397 1017 594 1105 impossibile
614 1039 680 1081 esse
701 1028 737 1080 ut
758 1015 814 1080 diu
837 1038 936 1100 regno
957 1018 1097 1100 gaudeat
1118 1017 1173 1102 qui
1190 1017 1303 1102 populi

346 1119 578 1194 humiliatione,
594 1132 626 1183 et
649 1117 780 1204 proprio
795 1117 923 1202 fastigio
946 1120 1082 1203 superbe
1102 1119 1195 1182 nimis
1210 1119 1303 1182 exul·

347 1233 406 1286 tat.
453 1221 516 1284 Sed
546 1220 633 1284 illius
661 1219 785 1284 dicebat
817 1219 965 1303 protendi
994 1221 1219 1307 principatum,
1246 1221 1304 1306 qui

347 1323 435 1409 apud
448 1345 481 1386 se
495 1322 536 1387 de
550 1320 740 1386 conscientia
751 1319 942 1384 humilitatis
954 1344 1076 1407 semper
1088 1323 1118 1386 in
1132 1347 1164 1387 se
1174 1322 1304 1408 angitur

348 1424 440 1509 quasi
455 1422 600 1509 regnaret
615 1422 744 1488 invitus.
777 1424 858 1485 Haec
873 1423 950 1486 mihi
964 1424 1167 1488 Placentinus
1178 1425 1303 1510 hospes,

349 1539 381 1593 et
397 1540 435 1593 ut
450 1528 556 1605 credo,
571 1527 646 1591 fidei
667 1539 911 1590 consentaneum
927 1541 984 1590 est.
1029 1527 1107 1591 Tale
1121 1527 1243 1613 aliquid
1258 1527 1304 1590 in·

349 1630 478 1695 venitur
506 1631 538 1693 in
570 1629 695 1714 scriptis
724 1630 891 1714 majorum.
937 1631 1044 1705 Quum
1075 1630 1158 1693 enim
1190 1630 1304 1694 Helius

352 1733 467 1796 Romae
489 1732 712 1818 praefecturam
736 1729 934 1814 splendidius
956 1744 1075 1816 ageret,
1092 1755 1131 1795 ex
1154 1733 1305 1795 Senatore

352 1835 533 1918 Imperator
555 1846 683 1897 creatus
698 1845 762 1897 est:
790 1832 857 1918 qui,
872 1856 943 1897 eum
966 1834 1150 1898 obsecrante
1175 1836 1305 1910 Senatu,

351 1949 387 2025 ut
402 1936 506 2000 lilium
523 1939 693 2009 Caesarem,
710 1958 805 2020 quem
824 1935 974 2010 habebat,
992 1938 1179 2021 Augustum
1198 1938 1306 2020 appel-

351 2037 444 2115 laret,
460 2038 620 2115 Sufficere,
642 2038 763 2123 inquit,
782 2037 888 2112 debet,
910 2037 997 2123 quod
1020 2062 1080 2124 ego
1101 2041 1169 2122 ipse
1188 2036 1306 2101 invitus

349 2139 547 2223 regnaverim
561 2162 661 2225 quum
675 2161 737 2202 non
754 2161 901 2202 mererer.
933 2138 1136 2225 Principatus
1147 2138 1230 2201 enim
1243 2158 1305 2200 non

353 2240 501 2325 sanguini
521 2240 668 2313 debetur,
691 2239 746 2303 sed
772 2239 913 2305 meritis:
947 2255 979 2305 et
1003 2240 1159 2305 inutiliter
1185 2252 1308 2325 regnat,

355 2339 410 2426 qui
426 2363 483 2404 rex
505 2345 657 2417 nascitur,
672 2363 733 2404 non
759 2353 907 2406 meretur.
954 2344 999 2405 Et
1021 2340 1234 2427 proculdubio
1254 2363 1309 2425 pa-

353 2446 453 2507 rentis
470 2443 618 2509 affectum
643 2443 744 2522 exuit,
766 2443 824 2529 qui
844 2443 996 2527 parvulos
1015 2467 1089 2507 suos
1113 2442 1308 2528 importabili

352 2545 435 2608 mole
450 2548 628 2632 superjecta
642 2546 812 2630 extinguit.
858 2549 931 2609 Hoc
947 2543 1076 2628 quidem
1093 2560 1140 2607 est
1155 2545 1308 2608 suffocare

352 2645 479 2722 liberos,
495 2669 556 2712 non
572 2669 766 2734 promovere.
812 2644 928 2710 Alendi
947 2644 1035 2727 prius
1050 2656 1136 2719 sunt,
1152 2656 1183 2707 et
1199 2644 1231 2706 in
1247 2644 1310 2706 vir-

353 2749 480 2813 tutibus
495 2749 678 2825 exercendi3
702 2762 733 2810 et
749 2768 852 2831 quum
867 2745 899 2808 in
915 2769 952 2808 eo
966 2745 1168 2830 profecerint,
1185 2758 1220 2810 ut
1236 2768 1310 2830 pro·

354 2851 473 2917 beatur
484 2852 554 2916 illos
568 2852 743 2915 virtutibus
758 2848 954 2929 antecedere,
966 2872 1047 2934 quos
1062 2849 1179 2914 debent
1191 2850 1310 2912 honore

353 2954 486 3030 anteire,
496 2955 623 3017 invitati
634 2953 816 3029 ascendant,
828 2964 860 3016 et
873 2975 905 3015 se
916 2953 1035 3016 civium
1048 2975 1177 3016 suorum
1190 2975 1309 3035 nequa·

353 3080 451 3145 quam
467 3054 656 3118 subtrahant
673 3055 767 3119 votis.
812 3053 891 3130 Quis
909 3055 991 3118 enim
1008 3054 1078 3118 illos
1092 3055 1226 3137 ambigit
1241 3053 1311 3117 aliis

352 3155 581 3244 praeferendos,
598 3158 655 3242 qui
678 3157 770 3241 quasi
792 3156 930 3219 naturali
949 3157 1122 3242 probitatis
1144 3155 1312 3241 privilegio

353 3255 510 3344 ampliati,
533 3257 690 3342 majorum
713 3257 815 3321 titulis
837 3254 1012 3320 invitantur
1034 3255 1075 3320 ad
1098 3256 1262 3326 virtutem,
1278 3265 1310 3318 et

353 3359 528 3424 eorundem
558 3359 711 3423 beneficio
746 3359 868 3422 futurae
899 3357 1050 3422 bonitatis
1084 3357 1153 3423 aliis
1188 3358 1310 3420 faciunt

355 3460 477 3524 fidem?
509 3461 590 3526 Haec
612 3460 674 3526 ille.
720 3463 765 3524 Et
782 3458 912 3547 quidem
934 3459 1093 3544 eleganter
1107 3459 1311 3546 privilegium

358 3561 514 3647 expressit
528 3562 691 3649 principis,
702 3563 765 3640 cui,
778 3586 816 3626 ex
829 3563 963 3647 antiquo
978 3584 1107 3626 munere
1123 3562 1196 3643 Dei,
1208 3586 1313 3627 succe-

359 3663 443 3729 dunt
458 3662 515 3726 filii
530 3664 762 3746 indubitanter,
777 3663 836 3727 nisi
851 3663 1002 3749 iniquitas
1016 3665 1180 3728 subvertat
1196 3663 1313 3749 princi·

357 3775 481 3850 patum.

402 4383 477 4428 VOL·
495 4382 546 4427 ΙΙΙ.
