3309 5309
343 675 384 731 54
578 686 716 730 scaurus
731 684 1013 731 sanesssmsusrs
1175 667 1263 746 [mn.
1280 686 1303 730 1.

346 837 504 923 rapacitas
528 835 714 900 imminebit.
772 837 866 912 Quod
896 850 927 902 et
953 836 1141 924 joculariter
1166 837 1305 901 innuens

349 940 446 1014 Naso,
461 937 518 1017 ait,

453 1047 563 1099 Odimus
575 1047 724 1119 accipitrem
735 1048 796 1116 quia
807 1062 908 1117 semper
918 1047 983 1099 vivit
994 1048 1021 1098 in
1034 1047 1121 1098 armis.

351 1144 499 1229 Regulus
519 1165 650 1229 qnoque
671 1142 751 1228 ipse,
775 1142 831 1228 qui
850 1156 883 1206 et
905 1141 1054 1206 bitriscus
1077 1140 1208 1219 dicitur,
1229 1165 1306 1206 vera

351 1246 548 1333 quandoque
583 1245 775 1332 portendere
803 1266 866 1307 non
903 1243 1108 1330 dedignatur.
1165 1246 1307 1313 Minuta

351 1347 447 1412 etiam
462 1369 547 1425 aves,
561 1346 702 1413 adventu
726 1369 782 1411 suo
798 1345 849 1408 sel
870 1368 1005 1422 recessu,
1021 1343 1201 1431 significant
1215 1345 1308 1409 fami-

351 1451 427 1515 liam
442 1471 525 1515 nunc
540 1449 653 1526 minui,
668 1470 754 1513 nunc
769 1447 889 1532 angeri.
920 1447 1072 1511 Omnium
1090 1470 1164 1511 vero
1180 1446 1308 1513 volatus

353 1565 475 1639 quanto
501 1554 648 1627 serenior,
677 1562 768 1615 tanto
792 1548 984 1614 laudabilior
1008 1562 1066 1614 est.
1112 1547 1209 1614 Unde
1237 1552 1308 1614 Me-

351 1655 469 1737 lampo,
498 1676 603 1740 augur
639 1651 890 1739 praenominatus
919 1652 1137 1737 conqueritur,
1167 1663 1308 1736 stragem

354 1759 541 1823 Graecorum
557 1756 727 1844 conjiciens
743 1779 783 1820 ex
800 1754 921 1833 volatu,

631 1873 717 1927 Vides
728 1871 841 1926 utnulla
852 1889 957 1925 serenos

529 1959 781 2026 Alesagatcursus.

356 2059 389 2120 A
404 2055 513 2121 bestiis
528 2076 657 2140 quoque
672 2053 795 2117 viarum
812 2066 940 2118 tuarum
957 2067 1089 2118 eventus
1105 2051 1309 2117 scrutaberis.

357 2157 493 2242 Leporis
516 2155 642 2220 timebis
664 2178 841 2236 occursum,
870 2155 896 2219 si
927 2169 1032 2220 tamen
1058 2155 1201 2219 evaserit.
1248 2155 1312 2219 Est

357 2258 440 2325 enim
463 2257 676 2344 proculdubio
697 2257 791 2344 longe
810 2257 1005 2322 commodior
1023 2257 1054 2321 in
1076 2278 1195 2335 mensa,
1210 2279 1311 2342 qnam

358 2359 469 2426 invia.
515 2360 613 2445 Lupo
631 2359 728 2423 obvio
746 2358 1036 2446 congratulaberis:
1061 2358 1136 2424 boni
1151 2358 1311 2446 siqnidem

358 2460 493 2528 nuncius
507 2473 566 2541 est,
577 2461 649 2527 licet
668 2460 735 2526 solo
746 2461 813 2526 visu
830 2484 942 2526 nocere
957 2462 1055 2526 soleat
1071 2461 1111 2540 ei,
1122 2483 1219 2546 quem
1235 2473 1311 2529 aute

358 2563 552 2650 praeciderit,
567 2586 739 2650 vocemque
754 2562 961 2649 praecludere.
1006 2564 1111 2627 Juxta
1124 2562 1221 2640 illud,

499 2673 563 2727 Vox
573 2671 643 2741 fugit
653 2673 720 2743 ipsa,
731 2671 786 2743 lupi
799 2671 903 2725 Macrim
914 2671 1001 2724 videre
1012 2672 1118 2742 priores.

361 2770 464 2834 Hiero
506 2768 632 2833 Siculus
672 2767 849 2832 literatorio
888 2766 1036 2832 insistens
1076 2765 1193 2841 studio,
1229 2770 1315 2835 inter

360 2870 537 2956 coaequales
558 2871 630 2934 stilo
650 2892 778 2955 operam
800 2870 910 2949 dabat,
924 2869 1018 2955 cique
1040 2868 1137 2957 lupus
1158 2869 1191 2934 in
1215 2871 1314 2937 turbs

360 2995 531 3061 puerorum
552 2984 682 3059 repente
702 2987 902 3059 conspectus,
924 2971 1072 3038 tabellam
1092 2972 1223 3058 eripuit,
1243 2996 1314 3038 euc-

359 3100 466 3143 cessus
500 3075 637 3142 hominis
669 3075 809 3158 firmans,
842 3073 988 3140 inaudita
1020 3074 1125 3138 forma
1160 3074 1313 3160 prodigii.

361 3181 448 3259 Quid
474 3179 599 3245 multa?
629 3179 698 3265 lupi
723 3179 893 3244 efficaciam
917 3200 980 3242 non
1004 3177 1145 3262 negabit,
1165 3176 1316 3264 quisquis

361 3281 579 3347 Romanorum
599 3304 701 3365 genus
721 3281 834 3367 lupino
856 3282 938 3346 lacte
959 3303 1021 3344 non
1044 3279 1176 3364 ambigit
1197 3279 1316 3345 educa·

362 3391 442 3445 tum.
487 3379 583 3446 Unde
603 3381 791 3468 plerumque
807 3382 892 3469 quod
916 3386 949 3448 in
970 3383 1015 3447 eis
1034 3381 1161 3446 dulcius
1180 3394 1239 3457 est,
1257 3381 1315 3448 ad·

362 3478 428 3542 huc
441 3479 587 3562 lupinum
603 3502 746 3567 saporem
761 3484 893 3557 retinet3
909 3483 1070 3569 primique
1085 3505 1194 3546 eorum
1204 3481 1317 3561 fidem,

363 3601 461 3664 quam
483 3603 502 3644 a
524 3593 625 3645 matre
648 3582 745 3667 Lupa
766 3582 954 3663 didicerant,
973 3583 1032 3649 sibi
1054 3584 1188 3648 invicem
1210 3604 1320 3649 serva-

365 3693 490 3756 verunt,
513 3681 688 3769 eademque
711 3683 850 3769 quadam
873 3683 943 3770 lege
964 3698 1088 3750 naturae
1110 3685 1252 3750 manavit
1274 3686 1319 3752 ad

328 3771 335 3785 '
364 3793 517 3866 posteros.
562 3783 686 3848 Ovibus
708 3795 873 3870 gratanter
898 3786 1024 3850 obviam
1047 3785 1214 3870 gradieris,
1236 3787 1319 3854 dum

364 3904 493 3968 capram
507 3889 600 3962 vites,
615 3887 667 3950 cui
682 3886 827 3953 alludens
843 3902 939 3973 poeta
952 3887 1009 3963 ait,

505 3994 647 4048 Occursare
659 4013 743 4067 capro,
756 4013 835 4049 cornu
845 3995 907 4049 ferit
916 3995 971 4059 ille,
983 4000 1081 4048 caveto.

367 4088 478 4153 Bobus
500 4087 737 4170 triturantibus,
757 4089 910 4155 libentius
932 4103 1037 4155 tamen
1060 4091 1236 4169 arantibus,
1261 4095 1320 4161 ol>

367 4189 477 4256 viabis.
522 4194 591 4256 Nec
614 4191 780 4277 displiceat
803 4191 828 4256 si
851 4192 936 4256 viam
959 4191 1113 4276 ruperint,
1129 4193 1207 4279 quia
1229 4217 1323 4262 mora

364 4293 486 4361 itineris
501 4293 631 4382 hospitii
644 4298 749 4382 gratia
763 4295 1030 4382 compensabitur.
1071 4296 1185 4366 Malus
1199 4297 1324 4368 infaus-
