3309 5309
352 677 421 724 cae.
439 660 487 740 ι]
707 681 961 728 mavenarrcus.
1238 672 1297 731 801

350 826 463 904 cuerit,
474 851 533 914 pro
545 853 661 916 magno
671 847 794 918 reputa.
827 832 861 896 Si
873 832 1055 898 schedulam
1068 856 1129 899 non
1142 835 1300 915 attuleris,

349 928 471 995 frustra
492 932 630 998 accedes.
677 934 710 998 Si
731 952 840 999 autem
858 934 1017 1015 attuleris,
1031 936 1154 1012 inutilis
1168 951 1228 1017 est,
1243 961 1300 1003 nec

350 1033 530 1118 acquiescet
545 1048 582 1100 ut
597 1056 710 1100 manus
724 1035 841 1100 nobilis
861 1036 939 1101 vitio
960 1038 1151 1104 membranae
1166 1038 1301 1124 degene-

351 1145 409 1196 ret.
441 1134 529 1209 Quid
545 1139 670 1201 multa?
696 1139 791 1201 Suam
804 1159 927 1202 necesse
939 1152 987 1203 est
1002 1139 1187 1226 comparari,
1197 1164 1299 1227 quum

352 1253 410 1296 nec
430 1258 538 1321 opera,
553 1259 610 1302 nec
630 1237 782 1316 calamus,
802 1251 860 1303 aut
880 1240 1017 1325 sepiolae,
1031 1253 1088 1306 aut
1110 1241 1210 1327 nigrai
1229 1243 1298 1308 loli·

347 1333 432 1416 ginis
457 1357 582 1414 succus,
610 1337 669 1403 tibi
695 1351 817 1403 constet
846 1339 1020 1426 inemptus.
1065 1342 1127 1406 Sed
1155 1356 1187 1408 et
1213 1343 1299 1430 ipsas

348 1433 496 1520 syllabas,
511 1450 543 1505 et
556 1439 672 1526 apices,
686 1439 746 1505 nisi
761 1462 835 1504 eum
851 1440 911 1505 tibi
926 1440 1100 1528 propitium
1116 1443 1239 1522 feceris,
1254 1446 1299 1512 sir

350 1535 574 1624 distorquebit,
595 1550 642 1606 tot
663 1542 723 1607 tibi
745 1541 914 1607 verborum
935 1555 1030 1628 ponet
1053 1544 1239 1629 tendiculas,
1262 1560 1297 1614 ut

349 1661 408 1725 pro
430 1664 507 1727 pace
531 1644 660 1723 bellurn,
683 1668 742 1731 pro
764 1646 872 1732 quiete
894 1645 1046 1730 ligitium,
1066 1649 1160 1712 amici
1180 1649 1298 1717 instru-

348 1757 457 1808 mento
483 1745 629 1814 videatur
655 1748 835 1814 inscribere.
882 1748 916 1812 Si
941 1748 1104 1834 cingulum
1128 1752 1212 1816 forte
1238 1753 1297 1818 tibi

350 1849 513 1912 venustius
532 1849 640 1928 fuerit,
656 1852 682 1915 si
702 1850 886 1914 incisorium
905 1848 1020 1936 aptius,
1035 1849 1061 1913 si
1081 1850 1162 1937 quid
1183 1850 1216 1915 in
1238 1854 1297 1918 mi·

349 1959 430 2010 nuta
455 1949 644 2035 supellectili
672 1950 847 2028 decentius,
873 1949 970 2013 rebus
995 1950 1065 2034 ejus
1094 1972 1297 2030 connumera,

349 2045 408 2109 uisi
424 2048 483 2111 tibi
498 2049 600 2135 perire
616 2051 694 2115 velis
708 2073 848 2138 operam,
861 2061 893 2114 et
907 2049 1092 2136 impensam.
1130 2053 1200 2117 Aut
1212 2053 1295 2117 enim

349 2147 497 2230 precibus
510 2151 767 2238 extorquebitur,
779 2164 835 2216 aut
850 2173 903 2215 eas
915 2149 1104 2216 liberalitate
1112 2154 1296 2239 praevenies.

351 2248 497 2315 Tandem
518 2252 638 2337 pileum
663 2254 883 2341 qualecunque
904 2253 956 2329 sit,
979 2254 1156 2339 asportabit
1175 2255 1297 2323 amicus

349 2349 381 2412 in
401 2353 583 2419 memoriam
603 2355 662 2422 tui.
705 2359 777 2423 Jam
794 2379 813 2420 a
832 2357 930 2421 Cosso
950 2355 1137 2439 digrederis,
1159 2357 1213 2421 sed
1237 2359 1297 2424 tibi

348 2453 430 2537 ignis
452 2460 654 2541 purgatorius
679 2458 834 2537 imminet,
859 2470 1002 2544 superest
1025 2458 1171 2534 Veiento,
1199 2483 1297 2544 quem

348 2553 451 2620 multa
465 2556 648 2623 sollicitabis
667 2558 831 2637 instantia,
845 2569 878 2620 et
896 2578 1012 2638 magno
1026 2555 1160 2620 artificio
1174 2572 1296 2642 gestus,

349 2677 490 2740 precum,
509 2673 541 2725 et
563 2683 744 2739 munerum,
765 2671 802 2722 ut
825 2669 857 2721 te
876 2657 984 2721 clauso
1002 2655 1119 2720 labello
1137 2658 1297 2744 respiciat.

351 2759 446 2824 Tunc
471 2761 511 2824 de
537 2760 669 2846 singulis
695 2760 800 2824 verbis
824 2758 858 2821 in
884 2755 1049 2821 consilium
1076 2758 1154 2838 itur,
1177 2758 1296 2828 delibe-

347 2862 462 2924 rationi
475 2861 691 2945 praescribitur
701 2873 837 2947 tempus,
846 2872 879 2926 et
890 2861 994 2946 apices
1004 2858 1120 2947 singuli
1132 2874 1296 2948 ponuntur

344 2961 378 3024 in
395 2971 524 3025 statera.
569 2962 639 3027 Nisi
658 2985 731 3027 eum
753 2961 978 3048 praemulseris,
994 2971 1138 3026 occurret
1152 2963 1210 3027 tibi
1231 2985 1296 3044 non

345 3061 484 3127 fideliter
499 3067 543 3128 rei
558 3077 657 3149 gestoe
672 3076 824 3150 concepta
839 3064 946 3142 serieS,
960 3077 1018 3127 aut
1041 3064 1144 3149 stylus
1158 3063 1297 3131 incultus

346 3165 461 3243 oberit,
479 3181 535 3232 aut
556 3191 575 3232 a
595 3168 724 3254 publica
743 3169 846 3233 forma
867 3165 983 3230 notarii
1002 3165 1051 3230 vel
1074 3165 1227 3231 scriniarii
1246 3167 1296 3231 di·

347 3280 472 3332 vertens
496 3269 684 3356 benignitas,
705 3287 763 3335 aut
788 3267 983 3354 negligentia
1003 3266 1098 3354 juris,
1121 3279 1154 3333 et
1179 3267 1297 3356 aliquis

347 3394 470 3457 semper
495 3375 599 3438 nodus
624 3377 759 3460 pecunia
785 3372 910 3438 vindice
935 3370 1103 3456 indigebit.
1148 3373 1197 3438 Ut
1223 3394 1296 3438 vero

347 3473 511 3538 minimum
527 3476 635 3555 laedat,
650 3480 745 3563 longa
759 3473 979 3562 expectatione
994 3475 1202 3560 torqueberis,
1218 3475 1296 3542 dum

348 3575 495 3640 differtur
509 3577 596 3663 quod
611 3578 719 3662 negari
742 3600 804 3641 non
822 3588 937 3663 potest.
981 3578 1128 3662 Experto
1142 3575 1247 3654 crede,
1262 3576 1295 3641 in

347 3699 460 3742 manus
474 3701 584 3744 eorum
606 3678 718 3743 millies
740 3676 849 3757 incidi,
863 3688 894 3739 et
917 3686 955 3738 ut
976 3673 1101 3761 aliquid
1123 3674 1164 3739 de
1178 3676 1296 3742 fabulis

347 3794 540 3862 mutuemur,
556 3783 694 3866 portitor
712 3779 845 3852 immitis
870 3777 1008 3857 Charon,
1025 3776 1081 3863 qui
1102 3780 1221 3844 nemini
1242 3804 1297 3867 pe-

347 3883 448 3968 percit
472 3906 625 3970 unquam,
639 3884 708 3948 istis
727 3883 820 3967 longe
839 3878 1023 3945 clementior
1040 3891 1098 3946 est.
1143 3879 1234 3968 stipe
1257 3883 1297 3946 si-

346 3983 485 4069 quidem,
501 3984 551 4051 vel
567 3986 681 4051 triente
696 3984 774 4050 solet
790 4006 856 4049 esse
871 3992 1049 4047 contentus.
1086 3985 1129 4048 At
1144 3982 1197 4047 isti
1213 4006 1296 4049 asses

346 4084 486 4170 integros
500 4087 558 4151 sibi
575 4087 781 4173 multiplicari
792 4086 921 4173 jubent.
958 4083 1022 4151 Sed
1038 4083 1190 4169 quidest,
1207 4086 1295 4168 quod

345 4189 431 4274 apud
440 4191 687 4256 curialesomnia
697 4213 814 4277 queror
823 4212 890 4253 esse
901 4186 1142 4271 venalia,quum
1151 4208 1189 4249 ea
1198 4187 1293 4252 etiam

344 4315 419 4378 quae
443 4314 505 4357 non
531 4307 613 4372 sunt,
639 4313 743 4356 rerum
772 4289 890 4358 scilicet
915 4285 1119 4372 privationes,
1145 4286 1295 4352 venalitio
