3309 5309
346 689 417 736 cur.
433 671 484 750 x.]
699 685 955 732 contemnens,
1238 674 1301 733 189

452 835 550 892 Vultus
561 836 637 889 adest
648 837 775 907 precibus,
787 835 920 904 faciesque
931 837 1031 888 incesta
1043 842 1152 907 perorat.

346 937 455 1009 Quum
471 954 545 997 vero
555 934 662 998 Julius
673 936 767 996 rebus
783 933 931 996 humanis
943 943 1112 1016 exemptus
1124 942 1219 1011 esset,
1229 955 1301 1018 quae

344 1024 486 1100 Romani
514 1035 712 1117 imperatoris
738 1033 888 1117 conjugio
914 1033 1016 1097 fuerat
1045 1035 1188 1114 gloriata,
1213 1034 1300 1117 priu-

347 1139 431 1222 cipis
447 1139 665 1200 Romanorum
680 1158 758 1199 ausa
772 1147 820 1198 est
835 1139 984 1200 affectare
1000 1137 1193 1199 servitutem.
1228 1138 1300 1199 Nec

346 1242 472 1317 frustra,
487 1258 588 1320 quum
604 1237 645 1300 ad
657 1238 766 1300 omnia
776 1249 921 1321 paratum
934 1239 1105 1301 invenisset
1117 1239 1299 1301 Antonium.

347 1342 489 1404 Putabat
503 1339 588 1402 enim
612 1339 654 1402 ad
678 1340 837 1403 Caesarem
854 1340 987 1420 gloriam
1003 1339 1064 1402 sibi
1085 1339 1166 1403 nihil
1183 1339 1300 1416 defore,

348 1442 377 1503 si
390 1443 511 1504 lectum
532 1439 600 1523 ejus
622 1440 817 1518 ascenderet,
835 1437 887 1523 qui
908 1461 1074 1503 successor
1087 1461 1191 1504 rerum
1207 1442 1301 1503 Pom·
1369 1496 1373 1502 .

348 1543 426 1626 peii,
436 1549 469 1604 et
479 1551 515 1604 ut
525 1541 695 1604 simulabat
703 1540 787 1623 juris
799 1540 1061 1621 Caesarei,magis
1073 1541 1113 1603 de
1126 1543 1301 1605 temeritate

350 1645 495 1718 fortunae,
521 1663 617 1725 quam
647 1642 688 1704 de
719 1641 842 1704 virtutis
873 1641 1070 1704 conscientia
1099 1642 1300 1722 confidebat,

348 1745 448 1807 Porro
463 1763 562 1826 quum
578 1741 619 1805 ad
634 1741 857 1805 solicitaudum
875 1744 1051 1822 Augustum
1067 1742 1229 1803 muliebris
1243 1743 1301 1808 im·

349 1844 516 1929 pudicitiae
525 1843 661 1907 audacia
672 1843 854 1920 accesisset,
864 1863 921 1924 spe
931 1863 988 1906 sua
998 1842 1153 1918 frustrata,
1164 1863 1303 1906 amorem

349 1944 529 2008 honestatis
551 1944 706 2026 reputavit
731 1942 888 2026 injuriam,
912 1942 1051 2006 castitati
1073 1964 1191 2006 nomen
1214 1944 1303 2007 dedit

351 2045 520 2128 superbiae,
543 2046 726 2129 bellumque
752 2045 890 2108 credidit
912 2044 1119 2108 indicendum
1144 2046 1185 2122 ei,
1208 2067 1302 2129 quem

349 2148 439 2212 Julio
455 2147 581 2211 Caesare
596 2159 729 2230 experta
744 2147 846 2209 fuerat
861 2147 1031 2209 fortiorem.
1077 2149 1197 2210 Omnes
1218 2146 1301 2208 enim

353 2249 493 2312 nocendi
502 2259 585 2312 artes
596 2270 744 2329 aggressa
756 2259 815 2326 est,
822 2247 1017 2330 tandemque
1029 2260 1135 2330 capta,
1148 2260 1180 2311 et
1189 2270 1303 2332 provo·

350 2351 419 2412 luta
442 2349 482 2411 ad
504 2347 602 2432 pedes
616 2350 763 2430 Augusti,
779 2350 872 2412 etiam
897 2358 973 2411 tunc
996 2349 1168 2412 solicitavit
1190 2352 1303 2413 oculos

351 2449 454 2514 ducis.
500 2447 564 2512 Sed
580 2449 694 2511 frustra
716 2449 854 2532 quidem.
905 2449 991 2510 Nam
1011 2449 1218 2531 pulchritudo
1233 2449 1303 2533 ejus

348 2550 432 2613 infra
446 2548 634 2632 pudicitiam
659 2548 813 2631 principis
828 2548 899 2609 suit.
945 2548 1039 2619 Quod
1062 2550 1116 2611 ubi
1138 2548 1304 2632 desperata

351 2673 386 2714 se
410 2649 451 2713 ad
474 2650 668 2733 triumphum
685 2648 812 2711 victoris
834 2636 989 2730 praenovit
1008 2649 1172 2721 reservari,
1193 2649 1303 2712 incau-

331 2753 464 2838 ¹tiorem
491 2761 587 2813 nacta
612 2749 802 2824 custodiam,
824 2769 961 2828 egressa,
988 2768 1021 2810 se
1044 2749 1077 2810 in
1100 2749 1302 2811 Mausoleum

351 2873 464 2933 regum
488 2852 620 2933 recepit,
641 2851 749 2933 ibique
775 2849 986 2912 nobilissimis
1009 2871 1052 2911 ex
1077 2870 1164 2912 more
1190 2849 1305 2914 induta

352 2953 505 3025 cultibus
518 2951 672 3014 odoribus
684 2949 885 3032 conquisitis,
895 2949 1039 3032 solioque
1051 2949 1172 3012 divitiis
1188 2971 1303 3034 usque·

351 3074 481 3140 quaque
504 3052 631 3127 referto,
645 3072 678 3112 se
696 3039 795 3133 juxta
816 3071 908 3113 suum
931 3051 1099 3113 collocavit
1118 3051 1305 3129 Antonium,

351 3166 383 3218 et
396 3152 549 3217 mamillis
563 3151 713 3235 venisque
729 3152 796 3214 suis
812 3173 979 3235 apponens
994 3151 1134 3235 aspides,
1146 3152 1192 3214 sic
1204 3165 1305 3216 morte

352 3256 445 3340 quasi
460 3273 574 3316 somno
597 3252 736 3315 resoluta
750 3262 808 3314 est.
853 3254 954 3335 Psylli
977 3253 1148 3336 siquidem,
1169 3255 1307 3334 Augusti

352 3352 505 3416 mandato
523 3350 671 3427 adhibiti,
687 3351 741 3434 qui
764 3350 918 3413 malitiam
935 3351 1049 3414 veneni
1069 3354 1173 3415 solent
1187 3353 1306 3434 linguis

353 3455 502 3530 educere,
518 3474 557 3514 eo
578 3452 666 3535 quod
684 3473 753 3514 sero
769 3453 874 3515 vocati
897 3463 1016 3532 essent,
1031 3475 1125 3536 opem
1142 3455 1220 3517 ferre
1241 3476 1306 3517 non

352 3559 529 3619 valuerunt.
574 3554 685 3634 Digna
706 3553 838 3636 quidem
858 3555 905 3616 sic
926 3554 1027 3635 perire
1048 3556 1195 3621 meretrix
1211 3577 1305 3619 vene·

353 3678 446 3733 nasa,
467 3666 544 3718 nata
566 3676 668 3717 mores
695 3675 908 3738 corrumpere,
929 3656 1148 3739 nobiliumque
1169 3657 1306 3720 virorum

353 3756 538 3840 pudicitiam
554 3777 749 3838 expugnare.
792 3756 939 3818 Profecto
955 3766 1048 3819 antea
1064 3756 1190 3836 regibus
1205 3758 1304 3842 impe-

354 3869 487 3934 raverat,
500 3855 704 3938 postmodum
724 3857 850 3935 misera,
865 3879 924 3919 nec
946 3857 1134 3920 miserabilis
1150 3859 1211 3921 sibi
1227 3861 1305 3922 forte

356 3957 528 4040 tragicum,
562 3954 619 4018 sed
657 3957 805 4020 Romano
835 3958 976 4040 imperio,
1006 3958 1094 4041 quod
1124 3962 1306 4022 subvertere

354 4058 555 4135 moliebatur,
570 4057 669 4120 finem
688 4058 856 4122 Comicum
874 4061 957 4123 sccit.
1004 4063 1091 4122 luter
1111 4070 1226 4121 caetera
1241 4060 1306 4121 cla·

353 4158 489 4221 rioribus
505 4158 640 4238 Augusti
664 4158 764 4221 titulis
785 4172 1041 4236 connumeratur,
1057 4159 1143 4241 quod
1159 4159 1192 4216 in
1208 4167 1305 4219 tantae

354 4257 455 4340 pestis
481 4276 665 4337 congressu,
692 4257 809 4320 mansit
838 4259 986 4321 invictus.
1031 4261 1246 4319 Veruntamen
1271 4258 1306 4320 in
