3309 5309
259 683 331 728 car.
347 663 415 744 un]
633 680 885 728 cosucsamcus.
1152 671 1214 730 267

260 846 367 898 tamen
397 853 513 917 magna
541 829 689 894 maximis
721 830 864 895 conferre
894 831 1000 908 liceat)
1039 832 1071 896 in
1105 834 1216 900 multis

259 933 481 1017 multipliciter
495 933 592 997 lucet.
638 931 757 997 Solaris
772 932 928 1019 siquidem
950 933 1068 1017 radius,
1083 936 1108 1000 si
1132 936 1216 1001 forte

259 1036 379 1102 incidat
406 1035 440 1099 in
470 1034 712 1108 carbunculum,
739 1035 905 1120 egrediens
931 1048 988 1101 aut
1013 1038 1216 1103 reverberans

261 1137 390 1213 rutilus,
406 1136 546 1201 vicinum
562 1136 639 1200 facit
660 1159 763 1200 acrem
786 1136 928 1202 rutilare.
974 1138 1065 1204 Idem
1080 1139 1163 1222 ignis
1184 1140 1217 1204 in

262 1239 431 1324 smaragdo
458 1237 595 1316 virescit,
621 1237 821 1302 firmamento
847 1239 971 1322 puriori
995 1240 1029 1304 in
1055 1241 1218 1328 sapphyro

261 1340 490 1406 conformatur.
536 1337 713 1426 Hyacinthi
741 1362 872 1425 quoque
894 1340 1059 1426 speciebus
1080 1344 1218 1409 efficitur

261 1442 416 1510 concolor.
457 1442 496 1504 lu
514 1440 650 1527 topazio,
663 1441 719 1526 qui
737 1463 802 1526 quo
817 1441 918 1505 rarior
932 1454 980 1506 est
995 1465 1032 1506 eo
1047 1444 1217 1529 preciosior

263 1557 323 1620 est,
336 1543 479 1609 omnium
495 1542 562 1606 fere
577 1541 681 1606 colore
697 1541 851 1627 superbit.
890 1541 922 1606 Si
938 1543 966 1606 ei
983 1543 1060 1609 Irim
1075 1545 1217 1630 objicias,

263 1643 535 1709 Thaumantiadis
549 1642 791 1728 repraesentabit
807 1643 988 1729 imaginem.
1033 1647 1142 1731 Aquae
1165 1671 1217 1713 su-

260 1749 432 1835 perjectus,
449 1748 552 1813 undat
574 1750 606 1812 in
629 1747 783 1826 lacunari,
798 1746 852 1811 sed
875 1759 907 1812 et
929 1748 1035 1832 iguem
1057 1750 1215 1816 coelestem

260 1849 294 1914 in
320 1851 485 1936 supposita
511 1848 628 1936 trajicit
654 1871 712 1935 per
737 1847 895 1913 berillum.
943 1849 1038 1914 Vides
1059 1851 1159 1934 igitur
1183 1853 1217 1918 in

264 1951 375 2015 multis
389 1973 485 2037 quam
503 1951 605 2017 multa
620 1951 660 2015 sit
683 1950 765 2036 ignis
788 1962 911 2017 natura.
958 1952 1010 2017 Sic
1031 1953 1065 2015 in
1087 1953 1156 2018 aliis
1169 1965 1218 2019 est

266 2052 448 2138 prudentia,
463 2051 622 2117 fortitudo
644 2050 675 2115 in
696 2050 779 2129 aliis,
799 2056 1009 2137 temperantia
1029 2056 1064 2117 in
1085 2054 1218 2141 quibus-

265 2152 353 2232 dam,
388 2153 421 2217 iu
458 2152 651 2239 quibusdam
684 2151 823 2238 justitia,
860 2152 893 2216 in
930 2155 1091 2220 nonnullis
1126 2154 1216 2232 fides,

263 2254 488 2340 longanimitas
503 2254 569 2340 spei
584 2255 617 2319 in
631 2255 713 2319 aliis.
752 2255 792 2317 In
807 2254 858 2318 his
872 2268 919 2320 est
934 2256 1041 2322 fervor
1055 2256 1216 2324 caritatis:

264 2355 317 2420 hic
338 2357 493 2442 patientia
513 2355 669 2437 laborum,
683 2356 748 2420 illic
769 2355 918 2422 dolorum
941 2359 1124 2436 consolatio,
1140 2359 1219 2425 alibi

265 2458 498 2543 perseverantia
513 2458 670 2523 bonorum
691 2478 844 2541 operum:
876 2481 951 2542 quae
966 2472 1070 2524 tamen
1093 2461 1219 2546 singula

265 2559 300 2621 in
322 2558 457 2645 singulis
480 2572 528 2623 est
552 2579 639 2622 unias
660 2571 693 2622 et
714 2557 799 2620 idem
826 2561 926 2621 Deus.
970 2564 1013 2625 At
1039 2560 1072 2623 in
1093 2560 1218 2641 futuro,

266 2661 397 2746 quando
418 2660 602 2725 immediata
619 2659 700 2723 facie
722 2680 780 2745 per
801 2658 937 2741 gratiam
953 2660 1023 2744 ejus
1038 2660 1219 2728 videbimus

266 2762 451 2826 eumsicuti
475 2772 535 2836 est,
550 2758 656 2824 omnia
679 2760 711 2822 in
735 2758 884 2822 omnibus
898 2759 970 2841 erit,
984 2760 1114 2846 quaudo
1136 2762 1218 2827 nulli

265 2863 308 2927 ad
332 2860 564 2928 beatitudinem
588 2860 725 2944 alicujus
747 2859 877 2927 virtutis
901 2860 1079 2926 substantia
1104 2862 1217 2941 deerit,

265 2986 369 3051 quum
380 2965 449 3048 ipse
460 2961 492 3025 in
504 2960 652 3025 omnibus
661 2961 792 3026 futurus
803 2963 845 3027 sit
856 2962 1024 3047 plenitudo
1034 2965 1173 3043 virtutis,
1184 2978 1218 3032 et

265 3061 418 3129 cumulus
434 3059 661 3135 beatitudiuis;
692 3060 772 3124 adeo
795 3061 938 3146 quidem,
954 3074 992 3126 ut
1009 3064 1108 3148 juxta
1122 3065 1220 3129 tradi·

266 3163 388 3229 tionem
421 3171 562 3245 patrum,
592 3171 683 3223 tanta
717 3160 892 3244 majestatis
921 3183 987 3225 suae
1021 3153 1220 3249 plenitudine

265 3261 416 3328 videatur
429 3261 538 3325 adesse
553 3259 671 3338 electis,
681 3270 718 3323 ut
730 3259 809 3323 nibil
824 3259 870 3324 eis
885 3259 967 3326 desit
981 3262 1013 3326 iu
1026 3262 1092 3327 ulla
1105 3263 1220 3350 gratia,

267 3376 299 3428 et
323 3363 391 3448 ipse
414 3363 481 3426 fere
505 3360 591 3425 solus
615 3360 763 3425 videatur
787 3361 819 3426 in
844 3360 916 3442 illis,
932 3375 963 3427 et
987 3363 1070 3429 illius
1092 3368 1220 3431 nomine

268 3478 467 3540 censeantur,
491 3461 578 3526 salva
605 3464 739 3527 veritate
763 3462 962 3543 substantiae,
984 3477 1015 3530 et
1042 3465 1108 3530 sine
1132 3467 1219 3531 omni

270 3566 486 3631 versabilitate
500 3576 634 3628 naturae.
679 3564 766 3628 Hinc
781 3564 865 3628 forte
884 3578 931 3631 est
953 3567 1053 3634 illud:
1083 3569 1220 3634 Exulta-

270 3669 353 3733 bunt
375 3668 474 3732 sancti
496 3667 528 3731 in
548 3666 664 3752 gloria,
681 3666 879 3732 laetabuntur
903 3668 936 3734 in
960 3669 1119 3735 cubilibus
1142 3672 1219 3749 suis,

270 3792 372 3856 quum
384 3769 445 3834 sibi
455 3781 532 3834 tunc
544 3768 653 3855 pervia
664 3769 836 3835 credantur
844 3792 911 3834 esse
920 3772 1017 3836 corda
1026 3786 1218 3854 sanctorum,

237 3934 240 3939 .
269 3885 302 3936 et
322 3870 543 3956 unusquisque
558 3894 621 3934 uon
637 3871 733 3935 modo
754 3870 787 3935 in
810 3895 879 3950 sua,
896 3872 951 3936 sed
972 3886 1004 3938 et
1024 3873 1057 3937 in
1076 3877 1219 3941 omnium

271 3973 461 4037 conscientia
484 3972 647 4057 glorietur.
694 3972 784 4038 Sicut
807 3977 891 4038 euim
915 3974 1008 4059 ignis,
1024 3987 1060 4039 ut
1085 3976 1117 4040 in
1139 4000 1221 4062 prae-

273 4075 359 4139 dicta
380 4097 540 4139 moremur
563 4075 778 4156 similitudine,
794 4076 869 4139 ferri
894 4090 1038 4142 naturam
1064 4091 1219 4161 penetrat,

273 4189 305 4241 et
320 4177 474 4257 accendit,
489 4188 524 4240 ut
541 4177 619 4241 nihil
635 4189 782 4241 cernatur
797 4179 829 4240 in
846 4203 883 4241 eo
898 4179 959 4242 nisi
973 4179 1068 4260 ignis,
1082 4189 1113 4240 et
1139 4177 1220 4243 sicut

272 4279 380 4344 solaris
393 4278 506 4344 radius
519 4278 682 4343 illustrans
697 4300 812 4357 aerem,
827 4279 901 4343 solis
917 4278 966 4342 vel
981 4278 1060 4342 radii
1077 4291 1221 4347 censetur
