3309 5309
356 645 397 703 76
605 654 741 700 sonnms
757 651 1037 696 ssessnnnrnnsrs
1172 630 1257 710 [ms.
1274 648 1312 693 rr.

358 808 447 872 flevit
464 829 651 894 supeream,
667 818 699 869 et
716 805 848 868 velutin
865 802 997 866 auribus
1012 802 1082 886 ejus
1094 799 1313 886 proloquutus

356 923 402 973 est
417 909 484 972 baec
496 910 611 973 verba:
635 909 667 971 Si
680 906 889 994 cognovisses,
899 904 1015 990 inquit,
1025 917 1056 967 et
1072 916 1119 977 tu,
1132 915 1163 966 et
1180 902 1312 988 quidem

356 1011 388 1073 in
418 1011 478 1073 bac
507 1010 559 1073 die
584 1034 657 1095 quae
687 1010 727 1072 ad
754 1030 864 1092 pacem
891 1006 948 1070 tibi
980 1017 1065 1078 sunt,
1092 1027 1177 1069 nunc
1203 1018 1310 1070 autem

355 1111 541 1176 abscondita
556 1125 630 1175 sunt
645 1112 685 1174 ab
700 1109 800 1173 oculis
816 1109 889 1183 tuis,
902 1107 978 1193 quia
995 1109 1118 1171 venient
1134 1107 1202 1171 dies
1217 1107 1249 1170 in
1267 1120 1310 1183 te,

355 1225 387 1277 et
403 1213 646 1277 circumdabunt
663 1225 694 1277 te
710 1210 826 1275 inimici
844 1214 893 1274 tui
909 1209 1004 1285 vallo,
1016 1222 1048 1274 et
1063 1209 1309 1273 circumdabunt

347 1328 400 1391 te,
423 1328 455 1378 et
477 1314 732 1400 coangustabunt
759 1324 790 1375 te
814 1311 966 1397 undique,
992 1323 1024 1375 et
1047 1311 1086 1375 ad
1111 1311 1212 1374 solum
1236 1334 1309 1398 pro-

356 1427 496 1478 sternent
512 1427 554 1494 te,
564 1430 596 1478 et
606 1414 689 1477 filios
700 1426 773 1478 tuos
784 1416 815 1477 in
830 1426 871 1478 te.
919 1414 957 1476 In
970 1412 1054 1477 hunc
1070 1412 1198 1477 modum
1211 1435 1308 1498 quam

355 1518 492 1603 plurima
507 1517 624 1582 divinae
645 1515 895 1581 comminationis
910 1516 1052 1580 tonitrua
1074 1514 1200 1601 publice
1216 1514 1308 1580 indu-

354 1621 432 1684 ratis
447 1619 575 1684 auribus
593 1619 794 1694 resonabant,
810 1641 974 1704 quousque
994 1619 1124 1705 sanguis
1134 1618 1308 1705 justorum,

354 1723 408 1785 sed
425 1734 456 1786 et
479 1722 579 1808 ipsius
597 1722 679 1808 justi
703 1719 870 1805 singularis
885 1731 916 1783 et
940 1719 1036 1795 unici,
1059 1723 1116 1805 qui
1138 1719 1179 1783 ab
1201 1717 1308 1805 impiis

354 1824 462 1910 inique
491 1824 609 1890 effusus
645 1836 703 1898 est,
735 1824 825 1908 justo
855 1822 916 1886 Dei
946 1821 1070 1908 judicio
1099 1832 1305 1907 quaereretur.

354 1926 468 1993 Attriti
480 1940 553 1990 sunt
569 1950 645 2011 ergo
663 1924 777 2012 plagiS,
792 1924 885 1989 bellis
901 1928 1003 2000 strati,
1019 1937 1051 1988 et
1067 1948 1085 1988 a
1100 1924 1211 2010 patriis
1225 1923 1308 1987 sedi-

352 2025 412 2090 bus
438 2024 554 2090 divinae
576 2025 803 2110 indignationis
829 2024 925 2088 excisi
950 2025 1088 2105 turbine,
1110 2036 1145 2088 ut
1170 2025 1203 2087 in
1228 2024 1307 2089 urbe

353 2126 590 2211 gloriosissima,
619 2150 677 2192 nec
708 2126 788 2212 lapis
817 2149 912 2212 super
942 2126 1078 2213 lapidem
1111 2139 1304 2190 remaneret:

352 2228 476 2312 fuitque
504 2228 613 2314 populi
643 2227 794 2304 indurati,
825 2242 856 2292 et
887 2230 1001 2315 quovis
1035 2227 1139 2314 lapide
1169 2225 1306 2292 durioris

354 2329 520 2393 tribulatio
544 2342 643 2407 tanta,
660 2342 777 2416 quanta
798 2352 860 2393 non
882 2330 946 2396 fult
962 2353 1002 2394 ex
1026 2353 1091 2416 quo
1105 2342 1217 2415 gentes
1238 2353 1304 2393 esse

351 2445 529 2516 coeperunt,
545 2432 700 2519 usquead
717 2431 800 2495 diem
816 2431 907 2497 banc.

352 2736 431 2820 Cap.
448 2739 477 2798 8.
502 2737 553 2798 De
564 2732 993 2816 peregrinatioaefidelium,
1008 2756 1086 2816 quos
1100 2736 1159 2799 sub
1174 2757 1212 2800 ea
1228 2743 1304 2801 tenr-

478 2842 600 2918 partate
613 2837 753 2898 servavit
768 2835 921 2898 Christus
935 2838 1024 2919 apud
1038 2840 1173 2904 Pellam.

393 2998 561 3061 Ecctnsta
573 3018 646 3059 vero
656 3018 729 3081 quae
742 2995 846 3059 fuerat
857 2995 1089 3083 Hierosolymis
1099 3013 1303 3084 congregata,

350 3098 504 3164 divinitus
520 3098 652 3163 transire
670 3100 760 3185 jussa
775 3111 821 3162 est
840 3112 926 3163 trans
946 3100 1131 3181 Jordanem,
1145 3102 1185 3166 od
1209 3105 1301 3191 oppi-

349 3200 426 3264 dum
451 3199 613 3288 quoddam
637 3203 763 3264 nomine
786 3200 918 3274 Pellam,
943 3224 1007 3286 quo
1028 3201 1142 3267 ablatis
1163 3228 1204 3268 ex
1223 3207 1302 3271 urbe

348 3301 526 3366 cultoribus
541 3300 614 3380 Dei,
629 3301 764 3366 coelestis
783 3302 936 3366 vindictae
957 3303 1045 3367 fieret
1060 3304 1161 3382 locus,
1178 3330 1253 3391 quae
1268 3309 1301 3373 in

348 3402 459 3465 urbem
474 3415 667 3488 gentemque
678 3403 861 3487 sacrilegam
876 3404 981 3468 fuerat
996 3406 1181 3470 exercenda.
1205 3411 1300 3483 Quod

348 3513 380 3564 et
409 3499 573 3564 Eusebius
607 3502 808 3566 Caesariensis
844 3503 874 3565 in
911 3504 1132 3570 Ecclesiastico
1167 3507 1301 3579 historia

347 3599 471 3684 plenius
485 3602 626 3686 exponit.

347 3920 427 4007 Cap.
442 3923 470 3982 9.
495 3920 722 3983 Testimonium
737 3925 823 4004 quod
833 3926 976 4006 perhibet
988 3928 1149 4011 Iosephus
1162 3931 1301 4005 Chresto.

390 4057 442 4118 ΕΤ
463 4053 591 4136 quidem
614 4054 683 4119 haec
704 4056 810 4119 omnia
832 4058 1002 4123 rectissime
1025 4064 1107 4146 passi
1131 4080 1218 4144 sunt,
1240 4071 1300 4156 qui

345 4157 377 4220 in
398 4155 498 4221 filium
525 4154 584 4219 Dei
607 4179 718 4220 manus
738 4158 904 4244 sacrilegas
927 4163 1097 4229 extendere
1117 4189 1298 4258 proesump·

346 4271 574 4343 serunt‚quum
585 4259 770 4324 testimoniis
781 4262 1063 4348 scripturarum,ct
1073 4272 1194 4335 virtute
1203 4272 1300 4338 mira-
