3309 5309
456 635 498 700 78
721 653 857 698 Josunss
874 653 1151 699 ssaasnaarausrs
1274 641 1359 716 [arn.
1376 662 1414 706 11.

506 931 587 1019 Cap.
607 939 655 997 ll.
678 935 782 1018 Siqua
797 955 864 998 esse
878 956 950 1016 quo
965 942 1076 998 contro
1092 941 1363 1022 nuturamfiunt.

500 1100 583 1171 Qum
601 1116 677 1158 vero
697 1092 883 1178 hujusmodi
900 1106 1032 1178 stupore
1054 1093 1152 1179 digna
1166 1094 1199 1159 in
1220 1095 1269 1159 bis
1289 1098 1414 1163 contin-

455 1213 548 1285 gunt,
577 1197 766 1283 plerumque
796 1196 887 1278 signa
912 1219 979 1258 esse
1004 1218 1066 1258 non
1096 1197 1241 1284 ambigit,
1266 1199 1414 1286 quisquis

455 1300 645 1386 evangelicae
656 1297 871 1386 promissionis
882 1298 1019 1363 fideliter
1035 1300 1188 1376 meminit,
1198 1324 1301 1386 quum
1313 1304 1414 1388 scrip·

457 1417 523 1469 tum
541 1404 599 1469 sit:
629 1403 736 1467 Erunt
752 1401 843 1485 signa
858 1400 889 1463 in
907 1399 991 1483 sote,
1005 1414 1037 1464 et
1059 1405 1164 1478 Luna,
1179 1416 1211 1469 et
1227 1403 1337 1481 stellis,
1353 1406 1411 1472 &a

455 1511 507 1573 Ea
533 1519 637 1572 tamen
661 1526 733 1591 quae
759 1504 809 1568 bic
834 1503 1106 1589 praenunciantur,
1132 1505 1199 1568 sine
1224 1508 1414 1592 prejudicio

456 1608 620 1675 sententia
642 1608 791 1684 melioris,
813 1629 852 1670 ea
877 1604 1085 1690 intelligenda
1109 1607 1258 1686 arbitror,
1272 1633 1356 1696 ,quae
1380 1610 1412 1679 in

455 1713 505 1777 bis
519 1725 630 1777 contra
643 1724 788 1777 naturam
804 1711 905 1786 fiunt3
933 1710 1027 1795 quale
1048 1722 1096 1775 est
1113 1711 1200 1796 quod
1218 1712 1251 1775 in
1267 1714 1413 1798 passione

456 1816 586 1881 Domini
619 1815 672 1879 sol
700 1814 889 1878 obscuratus
919 1826 976 1888 est,
1005 1814 1109 1877 velum
1140 1813 1283 1896 scissum,
1312 1829 1413 1903 petroe

455 1931 572 2005 ruptae,
588 1930 698 2002 aperta
721 1928 934 1990 monumenta,
951 1926 983 1978 et
1003 1929 1183 1982 sanctorum
1207 1940 1341 2004 corpora
1356 1922 1413 2006 qui

455 2019 649 2082 dormierant
681 2028 900 2081 surrexerunt.
945 2017 1110 2082 Naturalis
1138 2019 1255 2082 etenim
1286 2020 1412 2108 eclipsis

455 2144 521 2184 esse
533 2144 594 2184 non
606 2119 724 2207 potuit,
734 2143 809 2205 quae
818 2119 941 2183 lunaris
953 2121 1094 2206 corporis
1103 2121 1229 2207 objectu
1242 2120 1412 2210 contingit,

455 2244 552 2308 quum
573 2234 695 2285 constet
716 2221 817 2307 pridie
842 2221 968 2285 Lunam
992 2245 1050 2287 xrv
1072 2223 1223 2302 extitisse,
1246 2224 1306 2290 nisi
1329 2227 1412 2293 forte

456 2325 529 2411 quis
544 2323 584 2388 de
606 2323 744 2389 Judaica
766 2324 900 2410 perfidia
920 2325 1153 2391 incredulitatis
1174 2351 1238 2392 suoe
1262 2329 1411 2395 solatium

455 2438 635 2499 mutuetur;
659 2449 800 2490 asserens
811 2449 883 2488 cum
900 2425 945 2489 eis
961 2431 1116 2491 Venerem
1130 2440 1207 2492 tunc
1220 2431 1252 2494 in
1265 2429 1413 2517 ecliptica

455 2527 537 2592 linea
552 2529 618 2595 Soli
640 2528 736 2593 fuisse
759 2532 949 2616 oppositam,
966 2553 1040 2616 quae
1063 2530 1193 2616 quidem
1217 2554 1333 2618 magna
1353 2549 1411 2610 est,

454 2639 486 2695 et
501 2643 537 2696 ut
553 2631 704 2718 astrologi
726 2632 871 2711 tradunt,
885 2631 951 2695 sola
966 2632 1007 2696 dc
1030 2634 1173 2719 quinque
1194 2634 1354 2701 sideribus
1371 2636 1412 2701 de

453 2745 545 2797 nocte
568 2732 715 2796 umbram
736 2733 776 2797 de
798 2755 831 2795 se
854 2732 984 2808 emittit,
1008 2747 1043 2798 ut
1068 2733 1172 2797 Luna.
1218 2735 1314 2812 Quod
1335 2736 1413 2823 quia

453 2858 511 2898 nec
533 2835 613 2899 ratio
635 2836 762 2921 probat,
778 2857 836 2899 nec
858 2833 1043 2912 auctoritas,
1058 2848 1114 2901 aut
1138 2836 1218 2901 fides
1240 2838 1412 2923 approbat,

454 2937 643 3025 repudiatur
667 2951 702 3002 ut
725 2936 828 3003 futile.
877 2939 911 3002 st
934 2937 1017 3001 enim
1044 2938 1125 3002 adeo
1147 2942 1341 3005 luminosum
1363 2955 1412 3006 est

453 3028 583 3106 Veneris
594 3063 721 3128 corpus,
737 3039 899 3126 quomodo
916 3054 1020 3105 tantas
1035 3040 1120 3126 parit
1137 3042 1306 3106 tenebras?
1330 3046 1410 3108 Dio·

452 3148 562 3230 nysius
578 3141 773 3230 Areopagita
788 3142 819 3206 in
837 3142 983 3229 Epistola
998 3143 1040 3207 ad
1057 3141 1270 3230 Polycarpum
1288 3145 1411 3224 scribit,

453 3269 486 3310 se
501 3261 532 3312 et
548 3247 657 3332 plures
671 3246 749 3310 alios
768 3245 1030 3332 philosophantes
1051 3259 1127 3310 tunc
1149 3246 1265 3310 vidisse
1282 3247 1410 3311 Lunam

454 3347 521 3414 Soli
547 3347 748 3412 incidentem.
793 3349 839 3411 Et
864 3348 994 3433 quidem
1022 3361 1133 3413 contra
1159 3360 1318 3425 naturam,
1345 3370 1414 3413 non

452 3448 535 3512 enirn
551 3459 620 3512 erat
634 3451 737 3512 coitus
752 3460 889 3533 tempus.
931 3449 1025 3525 Quod
1041 3451 1069 3514 ei
1087 3449 1289 3537 postmodum
1308 3451 1416 3517 Paulo

451 3550 656 3636 praedicante,
666 3550 880 3612 conversionis
891 3549 980 3614 dedit
991 3552 1195 3617 occasionem.
1220 3550 1411 3618 Sciotamen

452 3652 559 3738 plures
573 3651 666 3715 aliter
689 3663 767 3714 tunc
789 3650 960 3736 loquut0s3
991 3653 1044 3717 sed
1062 3654 1253 3740 Dionysium
1273 3654 1414 3741 praefero

452 3750 618 3827 universis,
648 3750 723 3837 quia
753 3750 842 3835 quod
872 3751 964 3832 vidit,
994 3754 1139 3839 scripsit;
1178 3754 1233 3818 alii
1263 3755 1412 3843 proprias

452 3865 631 3940 sequuntur
652 3853 826 3938 opiniones.
871 3854 952 3918 Sunt
976 3868 1081 3920 autem
1106 3858 1196 3940 signa
1218 3856 1412 3945 plerumque

451 3979 513 4021 non
541 3952 635 4017 modo
657 3953 858 4031 universalia,
885 3955 939 4019 sed
967 3968 998 4020 et
1024 3959 1194 4040 generalia,
1219 3959 1302 4023 sicut
1328 3959 1412 4025 illud

450 4054 539 4144 quod
553 4054 627 4116 Deo
641 4052 793 4116 moriente
809 4054 947 4120 tenebras
963 4055 1056 4119 factae
1072 4070 1146 4122 sunt
1158 4082 1215 4146 per
1229 4060 1411 4126 universam

450 4173 579 4236 terram,
593 4155 635 4219 ab
651 4155 728 4218 bora
743 4167 834 4218 sexta
849 4156 1005 4242 usquead
1023 4179 1151 4232 nonam,
1167 4175 1199 4226 et
1215 4161 1303 4249 quod
1320 4161 1353 4227 in
1366 4163 1413 4228 eis

450 4258 639 4349 particulare
668 4271 727 4335 est,
759 4268 815 4320 aut
846 4257 951 4321 minus
983 4259 1172 4339 universale,
1199 4263 1411 4350 capacitatem
