3309 5309
378 674 441 730 254
642 683 778 728 JOANNIS
796 681 1076 726 saansaunmusrs
1190 660 1271 738 [mn.
1288 677 1329 720 ιν.

375 834 523 898 muliebri
554 830 741 896 infirmitate
772 830 880 913 legens
913 830 1056 913 vestigia.
1102 825 1328 910 Compatriotis

373 933 522 998 omuibus
536 933 650 996 ducem
677 929 777 1007 dedit,
793 928 896 992 virum
921 929 1027 1003 armis,
1044 941 1075 990 et
1102 925 1221 1010 pietate
1247 945 1327 1007 prae·

373 1036 506 1120 signem.
552 1031 643 1096 Alias
665 1029 748 1093 enim
774 1029 843 1092 dux
873 1042 953 1092 esset
976 1027 1109 1106 inutilis,
1131 1046 1232 1110 quum
1264 1023 1327 1086 sine

372 1135 493 1198 viribus
519 1155 616 1218 regna
642 1129 764 1214 acquiri
789 1152 850 1192 non
878 1129 1014 1203 valeant,
1034 1139 1091 1191 aut
1114 1125 1181 1189 sine
1200 1124 1325 1210 justitia

372 1234 509 1298 retineri.
555 1236 652 1296 Nunc
674 1252 749 1292 vero
774 1230 916 1292 omnium
943 1229 1038 1292 unica
1062 1225 1244 1290 sollicitudo
1266 1237 1324 1289 est,

371 1336 498 1410 liberos,
510 1337 747 1419 qualescunque
759 1330 833 1408 sint,
844 1331 964 1395 divitiis
973 1347 1005 1394 et
1020 1329 1195 1394 honoribus
1207 1327 1322 1411 potius,

371 1459 468 1522 quam
492 1435 667 1499 virtutibus
681 1432 842 1517 insignire.
888 1431 1075 1516 Negligitur
1097 1429 1212 1494 etenim
1237 1428 1321 1513 quod

371 1560 452 1600 onus
472 1533 657 1617 reipublicae
676 1534 867 1618 imponatur.
914 1531 1062 1615 Expulso
1082 1529 1229 1615 Superbo
1247 1531 1322 1592 Tar-

371 1635 492 1721 quinio,
505 1634 561 1719 qui
577 1633 720 1716 regnavit
733 1633 763 1695 in
782 1633 860 1696 urbe
871 1633 1072 1706 novissimus,
1084 1653 1183 1716 quum
1200 1634 1321 1693 Brutus

369 1734 492 1821 primus
515 1732 635 1800 Consul
653 1733 768 1796 liberos
790 1755 864 1795 suos
886 1731 926 1794 de
948 1729 1133 1794 revocandis
1154 1729 1185 1791 in
1211 1730 1319 1792 urbem

367 1835 497 1918 regibus
516 1856 609 1918 agere
629 1831 838 1916 cognovisset,
853 1854 906 1895 eos
926 1830 1084 1915 protraxit
1102 1829 1133 1892 in
1157 1829 1275 1905 forum,
1290 1839 1321 1890 et

368 1935 400 1998 in
416 1933 520 1997 media
535 1934 683 1996 concione
698 1931 796 2015 virgis
815 1954 923 2010 eaesos,
938 1930 1065 1994 tandem
1081 1932 1183 1993 securi
1198 1929 1320 2014 percuti

364 2035 472 2120 jussit,
488 2046 525 2097 ut
545 2035 638 2118 plane
661 2031 807 2118 publicus
830 2054 953 2116 parem,
967 2031 999 2093 in
1022 2030 1126 2094 locum
1150 2030 1320 2094 liberorum

366 2134 528 2197 videretur
558 2131 713 2217 populum
749 2131 926 2216 adoptasse.
980 2133 1053 2214 Ego
1088 2130 1230 2215 quidem,
1261 2129 1316 2192 etsi

365 2232 570 2315 parricidium
590 2232 838 2316 perhorrescam,
854 2230 1002 2296 Consulis
1023 2253 1085 2294 non
1103 2253 1232 2316 possum
1255 2252 1314 2292 non

363 2331 541 2417 approbare
556 2331 663 2405 fidem,
681 2335 738 2415 qui
759 2332 872 2396 maluit
893 2332 1027 2397 salutem
1047 2333 1223 2396 liberorum
1246 2354 1316 2394 suo-

363 2453 434 2495 rum
451 2430 636 2515 periclitari,
651 2453 746 2516 quam
763 2433 883 2516 populi.
923 2431 1022 2497 Recte
1037 2455 1076 2496 ne
1090 2433 1214 2508 fecerit,
1226 2432 1314 2518 judi-

361 2543 434 2596 cent
450 2531 615 2617 sapientes.
655 2534 728 2618 Ego
751 2534 835 2596 enim
855 2556 1002 2619 campum
1018 2534 1114 2597 istum
1136 2534 1315 2598 oratoribus

362 2632 425 2697 late
440 2647 548 2719 patere
569 2635 715 2719 cognovi,
731 2647 763 2698 et
778 2634 811 2697 in
834 2658 871 2698 eo
886 2635 1112 2700 declamatores
1133 2634 1165 2697 in
1182 2635 1314 2720 ancipiti

360 2735 493 2799 materia
512 2735 628 2821 saepius
650 2735 831 2816 desudasse,
847 2735 923 2799 dum
948 2735 979 2799 in
995 2735 1193 2800 absolutione
1214 2736 1312 2820 parri·

360 2834 432 2899 cidii
460 2834 538 2899 fides
561 2836 694 2916 laborat,
717 2838 748 2900 e't
771 2835 969 2920 parricidalis
992 2836 1140 2922 impietas
1165 2836 1311 2899 meritum

358 2935 432 2998 fidei
447 2951 581 3001 conatur
600 2937 797 3022 extinguere.
836 2936 931 3010 Quod
953 2936 978 3001 si
999 2960 1048 3000 me
1062 2937 1102 3000 ad
1126 2937 1311 3001 seutentiam

356 3058 463 3122 urges,
494 3037 670 3123 respondeo
699 3039 787 3123 quod
815 3039 846 3100 in
877 3062 972 3102 causa
1002 3039 1185 3124 Smyrnensi
1213 3042 1312 3102 Areo·

356 3139 481 3223 pagitas
497 3142 556 3207 Cn.
572 3139 747 3203 Dolabellae
762 3140 889 3203 invenio
901 3143 1108 3226 respondisse.
1143 3139 1196 3204 Ad
1207 3162 1312 3225 quem,

352 3241 546 3322 provinciam
573 3241 682 3306 Asiam
705 3241 924 3326 proconsulari
945 3242 1081 3327 imperio
1103 3243 1309 3319 obtinentem,

352 3341 465 3403 mulier
483 3342 681 3423 Smyrnensis
696 3340 836 3405 adducta
853 3353 911 3419 est,
928 3342 1081 3406 confitens
1097 3364 1130 3405 se
1147 3341 1308 3416 maritum,

351 3447 384 3500 et
406 3437 518 3517 filium,
534 3441 616 3503 datis
639 3442 718 3505 clam
745 3441 883 3515 venenis,
905 3441 1068 3518 occidisse,
1091 3465 1129 3505 eo
1152 3440 1241 3526 quod
1262 3439 1307 3503 illi

350 3535 450 3599 filium
467 3537 537 3621 ejus
552 3561 592 3601 ex
604 3540 704 3604 altero
716 3542 918 3605 matrimonio
932 3542 1103 3627 optimum,
1115 3561 1148 3606 et
1161 3542 1305 3604 innocen-

350 3635 506 3699 tissimum
518 3639 670 3722 juvenem
686 3655 857 3727 exceptum
873 3641 995 3705 insidiis
1015 3642 1162 3728 nequiter
1175 3642 1304 3705 occidis·

349 3748 429 3814 sent,
443 3737 503 3800 sibi
521 3740 646 3802 licitum
667 3764 733 3804 esse
748 3764 888 3805 asserens
907 3765 947 3804 ex
962 3742 1164 3827 indulgentia
1187 3742 1303 3826 legum,

348 3843 380 3895 et
391 3832 447 3916 jus
462 3834 619 3916 ignorare,
636 3850 667 3900 et
684 3861 784 3914 suam,
800 3853 833 3904 et
855 3862 998 3918 suorum,
1013 3855 1045 3905 et
1062 3841 1161 3905 totius
1175 3842 1302 3926 reipub

348 3932 417 3999 licae
433 3957 509 4011 suae,
527 3948 592 3999 tam
607 3950 745 4001 atrocem
761 3941 910 4024 injuriam
929 3942 1097 4006 vindicare.
1136 3943 1160 4004 J
1163 3965 1201 4006 us
1215 3957 1304 4005 extra

349 4057 476 4101 causam
492 4049 571 4113 erat,
587 4061 687 4121 quum
700 4039 740 4101 de
751 4040 837 4104 facto
852 4055 1018 4122 constaret,
1029 4055 1061 4108 et
1076 4044 1204 4127 dejure
1219 4065 1304 4129 quae-

346 4149 476 4201 teretur.
516 4138 624 4213 Quum
640 4159 717 4221 ergo
739 4138 908 4205 Dolabella
923 4165 987 4206 rem
1009 4144 1041 4206 in
1058 4143 1226 4208 concilium
1250 4142 1303 4206 de-

343 4233 498 4318 duxisset,
512 4261 573 4301 uon
591 4238 648 4303 suit
666 4239 732 4324 qui,
748 4241 780 4303 in
796 4256 942 4307 causant
966 4245 1145 4329 putabatur
1160 4242 1302 4330 ancipiti,
