3309 5309
354 644 415 706 144
610 656 747 702 romnus
763 655 1038 702 sunusnurunnsrs
1170 639 1253 720 [nm.
1271 650 1307 703 11.

352 811 466 899 spiritu
480 821 656 874 exercetur.
688 809 774 872 Hinc
789 820 839 872 est
854 807 941 894 quod
955 808 1155 872 Hierusalem
1168 808 1303 875 ruiturae

354 914 494 1001 Spiritus
509 923 636 976 sanctus
657 909 871 996 improperat:
897 909 1060 997 Principes
1082 911 1132 975 tui
1147 910 1181 973 iu
1195 932 1305 974 mune-

353 1015 443 1079 ribus
467 1011 669 1098 judicabant,
695 1010 873 1075 sacerdotes
901 1012 934 1074 in
964 1011 1109 1076 mercede
1138 1011 1308 1091 docebant,

352 1134 385 1181 et
411 1115 575 1202 prophetae
600 1113 632 1176 in
664 1112 799 1198 pecunia
824 1112 1023 1190 divinabant,
1046 1126 1080 1178 et
1111 1136 1208 1199 snper
1239 1117 1333 1178 Do·=

354 1223 473 1283 minum
497 1215 734 1302 requiescebant
763 1214 922 1279 diceutes:
954 1215 1126 1304 Numquid
1149 1238 1211 1280 uon
1238 1220 1305 1281 Do·

353 1322 459 1385 minus
474 1331 521 1399 est
536 1318 568 1381 in
583 1317 688 1381 medio
703 1315 872 1381 nostrum?
901 1321 975 1382 Non
992 1320 1119 1384 venient
1135 1341 1235 1405 supra
1248 1340 1304 1381 nos

352 1422 445 1488 mala.
490 1423 663 1506 Propterea
688 1418 766 1482 dicit
793 1418 971 1483 Dominus:
1012 1419 1085 1483 Sion
1112 1418 1205 1506 quasi
1230 1440 1304 1503 ager

350 1524 507 1602 arabitur,
532 1534 564 1585 et
591 1520 789 1586 Hierusalem
818 1534 855 1585 ut
884 1520 1029 1584 custodia
1058 1521 1205 1607 pomoerii
1234 1521 1304 1586 erit.

353 1626 417 1702 Qui
443 1648 520 1710 ergo
544 1624 578 1688 in
604 1621 737 1708 pecunia
762 1621 960 1699 divinabant,
986 1624 1045 1688 etsi
1073 1624 1327 1710 prophetarum.

351 1728 507 1793 insultant
533 1725 669 1799 nomine,
694 1744 779 1810 sepe
803 1725 979 1806 mendaces,
1003 1749 1126 1812 semper
1152 1724 1304 1804 mendosi,

351 1831 446 1895 alieni
464 1843 536 1894 sunt
562 1828 715 1894 arirtute
739 1844 771 1891 et
793 1828 973 1913 prophetia*
989 1828 1130 1894 veritate.
1177 1831 1217 1894 In
1241 1829 1305 1913 Py·

351 1935 460 2007 thone,
486 1932 610 2017 inquit:
645 1929 733 2016 quasi
764 1930 868 1995 dicat:
905 1933 989 2010 Quia
1018 1931 1145 1997 recessit
1176 1929 1303 2018 spiritus

352 2034 494 2110 Domini,
505 2033 556 2095 vel
568 2033 765 2118 Pythonicus
778 2033 992 2119 patrocinetur
1007 2033 1097 2098 mibi.
1126 2036 1173 2098 Et
1188 2033 1304 2098 suscita

308 2171 311 2177 ·
351 2136 549 2221 mihiquem
580 2134 691 2198 dixero
720 2134 791 2200 tibi.
847 2135 971 2222 Utique
996 2135 1122 2200 fallacia
1146 2135 1302 2200 fallaciam

352 2235 464 2302 trudit.
520 2237 625 2300 Datus
650 2258 705 2299 rex
735 2236 767 2298 in
795 2258 922 2300 sensum
952 2237 1136 2322 reprobum,
1162 2235 1220 2322 qui
1245 2236 1303 2302 sibi

352 2350 548 2424 persuaserat
572 2336 750 2422 Pythonem
775 2337 916 2403 scientiae
939 2338 1120 2424 proesulem,
1136 2337 1303 2424 praescium

351 2439 548 2516 futurorum,
573 2438 679 2502 arcani
703 2438 824 2504 consilii
849 2441 1018 2519 conscium,
1040 2439 1184 2504 veritatis
1207 2440 1304 2504 inter·

351 2551 484 2627 pretem,
499 2538 558 2604 sibi
583 2562 711 2626 quoque
733 2543 902 2626 persuasit,
918 2539 1054 2606 eundem
1074 2552 1166 2604 tanta
1186 2539 1304 2626 proedi·

350 2653 419 2705 turn
436 2652 603 2726 potestate,
619 2651 655 2704 ut
680 2651 786 2726 posset
810 2640 905 2705 etiam
924 2653 1069 2706 mortuos
1092 2639 1257 2719 suscitare,
1271 2652 1303 2706 et

349 2755 448 2808 tantae
472 2741 687 2826 benignitatis,
704 2741 849 2807 uterium
873 2743 905 2807 iu
930 2766 979 2821 eo,
995 2742 1083 2828 quod
1107 2743 1303 2808 rarissimum

348 2857 396 2908 est
412 2855 444 2908 et
467 2843 700 2919 difficillimum,
715 2841 927 2907 familiaribus
942 2847 1007 2909 suis
1024 2865 1143 2908 morem
1168 2856 1301 2929 gereret.

349 2943 564 3009 Proculdubio
580 2946 721 3030 elapsum
737 2955 804 3007 erat
820 2965 838 3006 a
857 2944 1008 3007 memoria
1030 2944 1112 3030 ejus,
1127 2959 1185 3009 aut
1208 2943 1303 3010 inuti·

349 3045 421 3111 liter
433 3046 600 3111 tenebatur
611 3045 768 3110 canticum
782 3045 885 3110 fidelis
896 3046 1027 3111 animae:
1054 3047 1133 3132 quia
1146 3048 1302 3111 Dominus

349 3163 395 3213 est
419 3148 477 3236 qui
499 3147 669 3212 mortificat
691 3162 723 3212 et
746 3147 896 3225 vivificat,
912 3147 1042 3213 deducit
1066 3148 1107 3213 ad
1129 3149 1250 3214 inferos
1271 3167 1302 3214 et

348 3250 483 3331 reducit,
499 3273 669 3336 pauperem
686 3250 762 3315 facit
778 3264 810 3315 et
826 3249 920 3328 ditat,
933 3250 1080 3316 humiliat
1096 3262 1128 3316 et
1145 3251 1300 3328 sublevat,

347 3364 378 3416 et
395 3351 482 3437 quod
497 3352 529 3415 in
547 3375 578 3414 se
593 3351 663 3438 ipso
678 3351 845 3438 impletum
863 3351 985 3417 viderat
1003 3352 1091 3429 Saul,
1107 3353 1239 3418 suscitat
1261 3352 1300 3416 de

348 3449 479 3536 pulvere
494 3473 640 3536 egenum,
659 3465 694 3516 ut
710 3451 816 3517 sedeat
834 3475 906 3516 eum
923 3453 1121 3539 principibus
1136 3466 1167 3517 et
1188 3451 1299 3518 solium

346 3551 457 3636 gloriae
473 3563 587 3617 teneat.
632 3557 677 3618 Et
700 3554 756 3639 qui
781 3553 849 3618 boeo
867 3555 955 3633 facit,
970 3553 1182 3641 proculdubio
1205 3554 1300 3618 scien-

347 3651 463 3714 tiarum
482 3653 639 3716 Dominus
654 3667 711 3726 est.
750 3653 795 3718 Et
812 3653 854 3719 ait
873 3653 987 3720 mulier
1004 3654 1043 3718 ad
1060 3678 1146 3732 eum,
1163 3656 1248 3720 Ecce
1263 3666 1299 3719 tu

346 3751 429 3814 nosti
445 3766 565 3837 quanta
580 3753 689 3818 fecerit
708 3755 796 3835 Saul,
810 3768 841 3819 et
864 3754 1025 3841 quomodo
1040 3756 1169 3821 eraserit
1191 3778 1300 3843 magos

346 3863 377 3914 et
394 3849 507 3914 ariolos
521 3850 562 3914 de
580 3865 673 3916 terra.
712 3855 818 3931 Quare
834 3877 910 3938 ergo
925 3854 1083 3920 insidiaris
1094 3857 1208 3921 animae
1223 3879 1300 3921 meae

346 3966 383 4018 ut
406 3952 554 4016 occidar?
595 3956 640 4018 Et
657 3955 778 4040 juravit
802 3957 830 4020 ei
852 3957 927 4023 Saul
950 3957 982 4021 in
1008 3960 1157 4035 Domino,
1173 3959 1298 4024 dicens:

347 4055 434 4120 Vivit
452 4053 610 4118 Dominus
632 4055 785 4142 quianon
810 4060 933 4124 eveniet
956 4061 1015 4124 tibi
1038 4062 1211 4148 quicquam
1227 4060 1301 4124 mali

345 4169 477 4244 propter
507 4156 588 4220 hane
614 4178 691 4220 rem.
746 4162 863 4222 Verum
896 4160 1026 4247 quidem
1053 4174 1112 4239 est,
1138 4163 1217 4249 quia
1244 4161 1301 4248 qui

345 4273 494 4325 versatur
509 4263 540 4323 in
557 4257 715 4337 sordibus,
729 4259 879 4326 sordescit
896 4264 1053 4349 amplius3
1076 4277 1218 4351 atquem
1233 4286 1303 4351 gra-
