3309 5309
208 667 280 711 cae.
297 651 407 725 xxva]
561 671 814 716 rotrousrroos.
1105 665 1161 724 131

209 817 341 883 consilio
350 819 496 902 Danielis
511 834 639 904 peccata
651 820 856 907 eleemosynis
872 825 1039 899 redimens,
1056 843 1087 892 et
1103 829 1161 892 ini·

208 921 349 1004 quitates
357 921 389 984 in
401 918 621 984 misericordiis
632 943 820 1007 pauperum,
832 927 1019 990 sententiam
1032 930 1162 993 Domini

206 1019 436 1099 imminentem,
450 1021 490 1084 ad
515 1035 640 1108 tempus
659 1023 784 1108 effugit,
800 1023 900 1089 donec
914 1027 946 1089 in
964 1029 1038 1091 aula
1054 1030 1161 1114 Baby-

208 1123 290 1187 lonis
304 1124 446 1208 glorians
460 1123 593 1187 diceret:
618 1125 732 1188 Nonne
747 1127 816 1191 haec
829 1141 877 1192 est
890 1128 1036 1213 Babylon
1051 1131 1163 1196 civitas

207 1238 334 1327 progna,
350 1248 447 1311 quam
464 1248 523 1309 ego
535 1225 690 1289 aedificavi
699 1226 730 1288 in
741 1226 871 1290 domum
887 1230 987 1313 regni,
1000 1232 1032 1294 in
1046 1232 1162 1297 robore

208 1325 410 1391 fortitudinis
426 1350 515 1408 meae,
530 1343 561 1392 et
576 1328 608 1390 in
623 1327 726 1410 gloria
747 1329 882 1393 nominis
903 1329 989 1394 mci?
1017 1334 1070 1399 Sic
1085 1358 1161 1419 ergo

205 1427 352 1492 elationis
375 1451 462 1508 voce,
486 1429 519 1492 in
546 1429 683 1515 seipsum
706 1430 774 1515 jam
800 1430 976 1516 fugientem
1006 1436 1066 1498 Dei
1093 1459 1162 1499 sen-

209 1532 342 1596 tentiam
358 1531 526 1597 revocavit.

208 1807 291 1893 Cap.
313 1811 365 1872 26.
399 1810 494 1883 Quod
517 1810 678 1872 sententio
708 1810 773 1872 Dei
799 1814 916 1872 moveri
939 1819 1053 1893 potest,
1079 1816 1165 1894 quod

251 1912 421 1973 canalium
436 1912 501 1974 Dei
515 1911 711 1974 immutabile
724 1918 782 1987 est,
798 1919 830 1974 et
848 1913 997 1975 voluntas
1017 1915 1082 1976 Dei
1093 1918 1164 1995 pri·

252 2035 308 2076 ma
326 2017 469 2076 omnium
492 2033 603 2090 causa,
625 2021 656 2074 et
677 2015 763 2094 quod
782 2016 934 2078 mathesis
953 2019 1006 2079 ot'a
1030 2017 1165 2080 domno-

255 2116 354 2177 tt'om's
368 2122 423 2178 est.

253 2250 360 2326 Quum
377 2250 488 2335 itaque
508 2249 718 2314 immutabilis
739 2252 801 2314 Dei
823 2253 922 2337 possit
950 2253 1067 2315 moveri
1096 2275 1165 2316 sen-

210 2349 321 2426 tentis,
348 2352 520 2416 errantium
551 2365 583 2415 et
612 2350 859 2416 discurrentium
891 2353 1030 2418 siderum
1061 2377 1163 2417 sermo

209 2453 350 2518 manebit
363 2453 557 2516 immobilis?
596 2453 659 2518 Sed
680 2475 875 2540 quocunque
897 2455 991 2518 modo
1007 2457 1166 2520 sententia

211 2566 389 2631 moveatur,
419 2555 586 2619 eonsilium
625 2556 755 2619 Domini
785 2569 892 2620 manet
927 2557 959 2618 in
998 2572 1166 2622 aeternum.

210 2655 307 2730 Quod
322 2671 428 2722 autem
443 2657 565 2721 consilii
590 2666 621 2719 et
637 2656 811 2719 voluntatis
827 2658 888 2720 Dei
904 2657 1030 2742 signum
1047 2661 1166 2722 certius

209 2769 269 2834 est,
292 2761 504 2843 praeceptione
531 2772 587 2822 aut
614 2757 826 2844 prohibitione
850 2757 983 2821 divina?
1024 2762 1077 2821 An
1102 2781 1165 2822 non

210 2871 296 2922 recte
311 2859 474 2923 videbitur
495 2859 586 2935 velle,
604 2858 690 2944 quod
707 2859 874 2945 praeeipit?
914 2858 1013 2921 Plane
1031 2861 1168 2923 Patriar-

209 2959 302 3023 cham
319 2960 472 3046 praecepit
488 2958 688 3042 unigenitum
705 2961 924 3045 promissionis
939 2959 1039 3022 filium
1056 2961 1167 3023 immo-

211 3061 283 3126 lare.
321 3062 480 3140 Recte,ne
495 3061 679 3124 Patriarclra
689 3060 853 3124 mandanti
863 3060 1045 3146 acquievit?
1068 3065 1168 3126 Recte

209 3162 343 3249 quidem
356 3184 413 3246 per
424 3161 539 3235 omnia,
553 3185 590 3223 eo
602 3162 687 3247 quod
699 3161 885 3253 mandatnm
899 3161 1084 3237 voluntatis,
1097 3185 1169 3247 quae

211 3265 316 3350 prima
332 3263 476 3325 omnium
499 3284 593 3325 causa
616 3275 675 3334 est,
691 3276 723 3326 et
744 3284 906 3346 nunquam
924 3285 983 3325 suo
997 3262 1169 3327 fraudatur

210 3364 336 3443 effectu,
348 3363 561 3428 certissimum
571 3363 728 3427 indicium
738 3363 788 3425 sit.
821 3362 1055 3448 Adeoquidem
1066 3363 1169 3449 prima

209 3482 271 3547 est,
284 3480 321 3531 ut
334 3471 357 3532 si
375 3481 540 3553 quaeratur
555 3467 595 3530 de
610 3466 729 3550 aliquo,
743 3489 799 3530 cur
814 3466 859 3530 ita
875 3466 927 3542 sit,
941 3467 1111 3531 rectissime
1122 3468 1169 3534 di·

210 3583 314 3648 catur,
329 3570 479 3655 quoniam
495 3568 548 3632 ille
570 3571 614 3633 sic
630 3568 744 3646 voluit,
759 3568 816 3653 qui
833 3568 950 3647 omnia,
965 3591 1168 3655 quaecunque

211 3671 325 3748 voluit,
341 3671 426 3737 fecit.
473 3672 506 3736 si
523 3695 597 3734 vero
618 3692 674 3735 cur
690 3670 825 3735 voluerit
854 3669 1046 3756 inquiratur,
1062 3672 1171 3759 inepta

211 3774 347 3860 quaestio
358 3786 417 3854 est,
428 3777 578 3861 quoniam
594 3774 707 3860 primae
722 3796 838 3848 causae,
855 3772 1027 3837 voluntatis
1039 3774 1169 3851 seilicet,
1194 3826 1198 3831 .

211 3876 369 3962 quaeritur
383 3899 489 3953 causa,
504 3879 596 3962 cujus
612 3876 698 3940 nulla
713 3888 761 3939 est
777 3876 906 3939 omnino
921 3899 1026 3940 causa.
1065 3876 1169 3962 Equi-

210 3978 283 4042 dem
304 3978 366 4043 dici
383 3979 472 4059 solet,
487 3992 518 4043 et
541 4002 652 4043 verum
673 3992 732 4055 est,
748 3979 823 4064 quia
844 3979 877 4041 in
898 4001 994 4043 manu
1016 3977 1171 4064 principis

212 4094 269 4155 est,
287 4094 322 4143 ut
338 4081 438 4166 possit
454 4080 564 4144 mitius
571 4079 717 4167 judicare
730 4103 826 4166 quam
844 4080 939 4164 leges,
950 4102 1050 4165 quum
1063 4091 1095 4139 et
1111 4073 1174 4158 qui

212 4182 315 4264 legem
332 4181 419 4259 tulit,
434 4181 637 4266 derogandae,
657 4180 706 4243 vel
731 4182 923 4265 abrogandae
940 4182 1037 4257 illius,
1053 4176 1171 4237 habeat

212 4297 416 4371 potestatem.
453 4285 535 4370 Legi
551 4309 637 4370 ergo,
652 4308 746 4370 quam
761 4284 882 4368 figulus
894 4297 969 4348 tuus
981 4281 1060 4346 coelo
1073 4280 1173 4359 impo-

670 4395 729 4448 KQ
