3309 5309
361 633 424 691 908
620 643 756 687 Joaums
773 640 1053 686 sannsnemnusrs
1162 629 1246 702 [tra.
1264 646 1313 689 111.

362 795 534 861 decreverit
553 795 741 880 Imperator.
786 795 840 859 Ait
857 795 959 858 enim:
987 795 1093 870 Quum
1111 793 1158 857 vir
1174 796 1268 859 nubit
1282 796 1312 858 in

361 900 510 963 feminam
530 897 609 960 vires
625 909 856 982 porrecturam,
872 897 950 983 quid
968 897 1099 979 cupiat?
1138 898 1206 962 Ubi
1222 920 1313 961 sexus

361 1001 500 1088 perdidit
517 999 632 1077 locum,
648 1022 705 1062 nec
725 1004 824 1063 scelus
840 1012 887 1063 est
903 999 989 1085 quod
1005 1021 1066 1060 non
1083 998 1208 1083 perficit
1224 1000 1311 1073 scire,

362 1104 415 1167 ubi
442 1107 552 1165 Venus
578 1113 722 1164 mutatur
750 1102 781 1163 in
809 1087 940 1165 alteram
967 1100 1112 1174 formam,
1141 1101 1197 1164 ubi
1227 1124 1312 1165 amor

361 1205 516 1291 quaeritur
536 1216 566 1266 et
588 1225 650 1265 nou
674 1202 844 1276 invenitur,
856 1201 1008 1288 jubemus
1029 1202 1194 1287 insurgere
1216 1203 1310 1287 leges,

360 1305 474 1369 armari
496 1305 582 1390 jura,
610 1319 646 1367 ut
672 1303 780 1385 gladio
807 1305 920 1377 ultore,
948 1314 980 1366 et
1006 1302 1176 1387 exquisitis
1198 1304 1308 1388 poenis,

360 1405 538 1470 subdantur
553 1405 699 1485 infames,
714 1405 770 1490 qui
787 1417 873 1478 sunt,
884 1403 933 1466 vel
950 1403 1052 1466 futuri
1069 1417 1142 1467 sunt
1160 1404 1214 1468 rei.
1251 1404 1311 1466 Sed

360 1532 462 1595 neque
478 1507 747 1571 consentientibus
768 1507 880 1593 parcit,
897 1506 974 1590 quin
990 1505 1034 1567 eis
1050 1527 1175 1590 poenam
1193 1504 1309 1590 irroget

358 1611 535 1695 capitalem,
553 1632 651 1694 quum
668 1620 700 1672 et
715 1608 784 1692 lege
799 1609 908 1671 divina
923 1606 1083 1682 facientes,
1100 1620 1132 1671 et
1154 1609 1309 1672 consenti-

359 1724 457 1788 entes,
474 1712 541 1798 pari
557 1734 651 1797 poena
665 1712 855 1797 plectantur.
903 1709 1067 1793 Ipsosque,
1085 1731 1201 1792 magno
1217 1709 1309 1795 Epis-

357 1837 436 1901 copo
462 1826 590 1877 auctore
617 1810 834 1891 (Ambrosium
863 1809 1131 1874 Mediolanensem
1163 1811 1306 1893 attende)

357 1914 585 1978 consentientes
605 1911 746 1974 definivit
769 1933 847 1989 esse,
864 1913 921 1995 qui
939 1922 1050 1973 notum
1073 1934 1211 1974 errorem
1234 1912 1306 1976 reti·

357 2029 439 2092 cent,
458 2029 513 2077 aut
534 2015 690 2098 corrigere
710 2035 810 2099 quum
833 2012 968 2094 possint,
986 2012 1198 2078 dissimulant.
1245 2015 1306 2078 Sed

357 2113 492 2200 quidde
511 2116 557 2176 eis
573 2114 799 2190 verecundum,
815 2113 1025 2197 odiosumque
1047 2136 1221 2177 sermonem
1238 2137 1307 2201 pro·

357 2214 542 2277 tendimus?
581 2214 628 2276 Ut
650 2224 764 2275 sortem
793 2235 901 2276 eorum
931 2213 1088 2297 condigna
1109 2214 1306 2279 conclusione

356 2314 555 2390 claudamus,
582 2313 794 2399 proculdubio
820 2313 909 2398 pluet
941 2335 1037 2399 super
1065 2337 1119 2378 eos
1150 2316 1306 2379 Dominus

355 2416 486 2501 laqueos
502 2429 614 2478 utnon
632 2413 799 2497 effugiant,
815 2415 909 2500 ignis,
926 2415 1073 2501 sulphur,
1089 2416 1221 2502 spiritus
1236 2439 1307 2502 pro-

353 2517 513 2590 cellarum,
531 2539 603 2602 pars
622 2516 727 2580 calicis
746 2539 867 2591 corum,
884 2530 915 2580 et
936 2541 1008 2580 cum
1030 2517 1215 2582 auctoribus
1231 2518 1304 2593 suis,

353 2642 435 2705 quos
453 2619 590 2682 Sodoma
612 2618 787 2695 devoravit,
803 2632 897 2682 erunt
922 2620 1045 2682 saeculis
1060 2623 1091 2684 in
1108 2620 1256 2684 foetorem
1273 2633 1304 2686 et

353 2722 560 2806 opprobrium
584 2721 820 2806 sempiternum.
867 2721 953 2798 Quid
977 2721 1119 2807 proderit
1134 2745 1245 2806 quaeso
1260 2723 1303 2786 eis

352 2835 429 2885 tunc
442 2823 578 2885 divitum
592 2825 700 2885 favor?
724 2826 789 2885 Aut
802 2821 875 2907 quis
885 2835 988 2907 potest
1002 2845 1068 2885 esse
1080 2823 1301 2908 temporalium

352 2946 428 2986 usus
450 2936 506 2987 aut
523 2923 679 3009 voluptas,
697 2945 791 3008 quem
817 2935 925 2986 tantus
947 2922 1048 3000 dolor,
1065 2936 1096 2987 et
1120 2935 1211 2987 tante
1232 2947 1299 2989 eru-

352 3024 509 3088 bescentia
524 3048 585 3088 nou
603 3023 795 3089 absorbeat?

351 3335 429 3417 Cap.
450 3342 496 3398 14.
524 3338 718 3399 Adulatorec
729 3340 910 3418 puniendos
924 3359 999 3416 esse,
1014 3345 1179 3420 tamquam
1199 3341 1298 3402 tosio

391 3434 535 3496 Deorum
558 3447 588 3499 et
612 3439 786 3513 bominum,
802 3446 834 3501 et
855 3443 1020 3503 veritatem
1039 3448 1211 3520 gramntcr
1232 3461 1298 3504 am·

387 3537 596 3614 plectendam,
614 3547 645 3602 et
656 3543 852 3620 patientiam
869 3542 1120 3620 custodiendum,
1135 3549 1201 3605 tam
1218 3542 1296 3604 rati·

390 3636 506 3698 onibus
521 3659 617 3718 quam
634 3643 784 3723 eaempb's
799 3643 966 3721 majorum.

392 3818 471 3894 Suu,
490 3831 526 3881 ut
550 3820 672 3903 vulgari
697 3823 866 3908 proverbio
888 3824 1018 3899 dicitur,
1042 3826 1132 3886 Deus
1153 3822 1208 3887 ille
1229 3844 1295 3908 proe

345 3918 457 3982 ceteris
482 3917 632 3983 colendus
654 3924 807 4000 creditur,
830 3925 887 4009 qui
911 3924 1058 3987 subvenit
1081 3925 1112 3986 in
1137 3923 1295 4009 praeseuti.

348 4019 491 4103 Ideoque
507 4041 567 4081 non
584 4035 694 4084 curant
716 4025 886 4107 quomodo,
904 4024 980 4088 dum
1006 4037 1110 4087 tamen
1125 4025 1186 4088 hoc
1208 4022 1295 4109 quod

345 4134 499 4206 expetunt
516 4120 645 4185 faciant.
691 4124 831 4207 Egregie
853 4125 983 4210 quidem
1000 4124 1148 4190 Caecilius
1165 4125 1294 4196 Balbus,

347 4220 533 4308 imperator,
551 4222 664 4306 inquit,
680 4228 837 4308 Auguste,
853 4240 921 4289 tum
939 4228 970 4288 in
987 4224 1107 4299 multis,
1124 4237 1194 4289 tum
1209 4226 1241 4291 in
1257 4247 1293 4287 eo
