<?xml version="1.0" encoding="UTF-8"?>
<!DOCTYPE html PUBLIC "-//W3C//DTD XHTML 1.0 Transitional//EN"
    "http://www.w3.org/TR/xhtml1/DTD/xhtml1-transitional.dtd">
<html xmlns="http://www.w3.org/1999/xhtml" xml:lang="en" lang="en">
 <head>
  <title>
</title>
<meta http-equiv="Content-Type" content="text/html;charset=utf-8" />
  <meta name='ocr-system' content='tesseract 3.04.00' />
  <meta name='ocr-capabilities' content='ocr_page ocr_carea ocr_par ocr_line ocrx_word'/>
</head>
<body>
  <div class='ocr_page' id='page_1' title='image "./joannissaresber04johngoog_0053.png"; bbox 0 0 3309 5309; ppageno 0'>
   <div class='ocr_carea' id='block_1_1' title="bbox 238 626 1193 707">
    <p class='ocr_par' dir='ltr' id='par_1_1' title="bbox 238 626 1193 707">
     <span class='ocr_line' id='line_1_1' title="bbox 238 626 1193 707; baseline -0.008 -14"><span class='ocrx_word' id='word_1_1' title='bbox 238 648 306 693; x_wconf 76' lang='lat' dir='ltr'>oar.</span> <span class='ocrx_word' id='word_1_2' title='bbox 323 631 388 707; x_wconf 78' lang='lat' dir='ltr'>vn]</span> <span class='ocrx_word' id='word_1_3' title='bbox 526 648 528 680; x_wconf 80' lang='lat'><em>2</em></span> <span class='ocrx_word' id='word_1_4' title='bbox 596 641 848 689; x_wconf 78' lang='lat' dir='ltr'>POLYCRATICUs.</span> <span class='ocrx_word' id='word_1_5' title='bbox 1152 626 1193 686; x_wconf 80' lang='lat'>37</span> 
     </span>
    </p>
   </div>
   <div class='ocr_carea' id='block_1_2' title="bbox 223 790 1188 1190">
    <p class='ocr_par' dir='ltr' id='par_1_2' title="bbox 223 790 1188 1190">
     <span class='ocr_line' id='line_1_2' title="bbox 236 790 1185 885; baseline -0.006 -24"><span class='ocrx_word' id='word_1_6' title='bbox 236 798 322 862; x_wconf 90' lang='lat' dir='ltr'>tione</span> <span class='ocrx_word' id='word_1_7' title='bbox 339 798 523 885; x_wconf 82' lang='lat' dir='ltr'><strong>quiesceret.</strong></span> <span class='ocrx_word' id='word_1_8' title='bbox 556 797 601 860; x_wconf 90' lang='lat' dir='ltr'>Ut</span> <span class='ocrx_word' id='word_1_9' title='bbox 616 817 691 858; x_wconf 87' lang='lat' dir='ltr'>vero</span> <span class='ocrx_word' id='word_1_10' title='bbox 706 792 847 857; x_wconf 92' lang='lat' dir='ltr'>nondum</span> <span class='ocrx_word' id='word_1_11' title='bbox 871 791 1029 857; x_wconf 90' lang='lat' dir='ltr'>reveletur</span> <span class='ocrx_word' id='word_1_12' title='bbox 1045 790 1185 878; x_wconf 80' lang='lat' dir='ltr'>spiritus,</span> 
     </span>
     <span class='ocr_line' id='line_1_3' title="bbox 223 892 1188 983; baseline -0.007 -21"><span class='ocrx_word' id='word_1_13' title='bbox 223 898 291 983; x_wconf 88' lang='lat' dir='ltr'>·qni</span> <span class='ocrx_word' id='word_1_14' title='bbox 314 897 392 963; x_wconf 87' lang='lat' dir='ltr'>latet</span> <span class='ocrx_word' id='word_1_15' title='bbox 414 899 445 963; x_wconf 90' lang='lat' dir='ltr'>iu</span> <span class='ocrx_word' id='word_1_16' title='bbox 469 897 572 977; x_wconf 89' lang='lat' dir='ltr'>litera,</span> <span class='ocrx_word' id='word_1_17' title='bbox 594 896 812 982; x_wconf 86' lang='lat' dir='ltr'>aequissimum</span> <span class='ocrx_word' id='word_1_18' title='bbox 835 907 882 959; x_wconf 91' lang='lat' dir='ltr'>est</span> <span class='ocrx_word' id='word_1_19' title='bbox 904 894 1040 957; x_wconf 89' lang='lat' dir='ltr'>animam</span> <span class='ocrx_word' id='word_1_20' title='bbox 1061 892 1188 977; x_wconf 85' lang='lat' dir='ltr'>cognati</span> 
     </span>
     <span class='ocr_line' id='line_1_4' title="bbox 234 994 1188 1086; baseline -0.007 -22"><span class='ocrx_word' id='word_1_21' title='bbox 234 1001 359 1084; x_wconf 82' lang='lat' dir='ltr'>generis</span> <span class='ocrx_word' id='word_1_22' title='bbox 368 1001 471 1086; x_wconf 87' lang='lat' dir='ltr'>gratia</span> <span class='ocrx_word' id='word_1_23' title='bbox 481 1021 708 1077; x_wconf 81' lang='lat' dir='ltr'>mansuescere,</span> <span class='ocrx_word' id='word_1_24' title='bbox 719 1008 750 1061; x_wconf 93' lang='lat' dir='ltr'>et</span> <span class='ocrx_word' id='word_1_25' title='bbox 763 1019 887 1061; x_wconf 91' lang='lat' dir='ltr'>omnem</span> <span class='ocrx_word' id='word_1_26' title='bbox 900 995 1062 1061; x_wconf 85' lang='lat' dir='ltr'>dediscere</span> <span class='ocrx_word' id='word_1_27' title='bbox 1073 994 1188 1058; x_wconf 88' lang='lat' dir='ltr'>aliena-</span> 
     </span>
     <span class='ocr_line' id='line_1_5' title="bbox 234 1097 1187 1190; baseline -0.006 -25"><span class='ocrx_word' id='word_1_28' title='bbox 234 1102 363 1183; x_wconf 81' lang='lat' dir='ltr'>tionem,</span> <span class='ocrx_word' id='word_1_29' title='bbox 373 1125 473 1190; x_wconf 91' lang='lat' dir='ltr'>quum</span> <span class='ocrx_word' id='word_1_30' title='bbox 489 1102 518 1166; x_wconf 92' lang='lat' dir='ltr'>ei</span> <span class='ocrx_word' id='word_1_31' title='bbox 533 1101 661 1188; x_wconf 86' lang='lat' dir='ltr'>proprie</span> <span class='ocrx_word' id='word_1_32' title='bbox 676 1113 847 1164; x_wconf 86' lang='lat' dir='ltr'>concentus</span> <span class='ocrx_word' id='word_1_33' title='bbox 862 1097 1002 1183; x_wconf 86' lang='lat' dir='ltr'>originis,</span> <span class='ocrx_word' id='word_1_34' title='bbox 1014 1111 1047 1162; x_wconf 88' lang='lat' dir='ltr'>ct</span> <span class='ocrx_word' id='word_1_35' title='bbox 1062 1109 1187 1161; x_wconf 83' lang='lat' dir='ltr'>naturae</span> 
     </span>
    </p>
   </div>
   <div class='ocr_carea' id='block_1_3' title="bbox 223 1197 1249 4328">
    <p class='ocr_par' dir='ltr' id='par_1_3' title="bbox 223 1197 1249 4328">
     <span class='ocr_line' id='line_1_6' title="bbox 235 1197 1187 1269; baseline -0.004 -3"><span class='ocrx_word' id='word_1_36' title='bbox 235 1197 495 1268; x_wconf 82' lang='lat' dir='ltr'>meliorisarcana</span> <span class='ocrx_word' id='word_1_37' title='bbox 506 1203 670 1268; x_wconf 87' lang='lat' dir='ltr'>resultant.</span> <span class='ocrx_word' id='word_1_38' title='bbox 693 1207 774 1269; x_wconf 85' lang='lat' dir='ltr'>Eam</span> <span class='ocrx_word' id='word_1_39' title='bbox 785 1225 825 1266; x_wconf 86' lang='lat' dir='ltr'>ex</span> <span class='ocrx_word' id='word_1_40' title='bbox 838 1197 1187 1266; x_wconf 87' lang='lat' dir='ltr'>consonantiismusicis</span> 
     </span>
     <span class='ocr_line' id='line_1_7' title="bbox 233 1299 1186 1388; baseline -0.002 -24"><span class='ocrx_word' id='word_1_41' title='bbox 233 1324 300 1365; x_wconf 89' lang='lat' dir='ltr'>esse</span> <span class='ocrx_word' id='word_1_42' title='bbox 323 1301 541 1388; x_wconf 82' lang='lat' dir='ltr'>compositam,</span> <span class='ocrx_word' id='word_1_43' title='bbox 561 1324 655 1387; x_wconf 89' lang='lat' dir='ltr'>quam</span> <span class='ocrx_word' id='word_1_44' title='bbox 680 1299 892 1384; x_wconf 88' lang='lat' dir='ltr'>plurimorum</span> <span class='ocrx_word' id='word_1_45' title='bbox 914 1300 1023 1385; x_wconf 91' lang='lat' dir='ltr'>opinio</span> <span class='ocrx_word' id='word_1_46' title='bbox 1046 1299 1095 1363; x_wconf 83' lang='lat' dir='ltr'>rel</span> <span class='ocrx_word' id='word_1_47' title='bbox 1118 1322 1186 1364; x_wconf 89' lang='lat' dir='ltr'>scu-</span> 
     </span>
     <span class='ocr_line' id='line_1_8' title="bbox 233 1400 1184 1488; baseline -0.001 -23"><span class='ocrx_word' id='word_1_48' title='bbox 233 1403 333 1465; x_wconf 89' lang='lat' dir='ltr'>tentia</span> <span class='ocrx_word' id='word_1_49' title='bbox 347 1416 405 1467; x_wconf 88' lang='lat' dir='ltr'>est.</span> <span class='ocrx_word' id='word_1_50' title='bbox 450 1402 664 1466; x_wconf 82' lang='lat' dir='ltr'>Totius&#39;enim</span> <span class='ocrx_word' id='word_1_51' title='bbox 682 1400 891 1486; x_wconf 74' lang='lat' dir='ltr'>philosophiae</span> <span class='ocrx_word' id='word_1_52' title='bbox 910 1401 1058 1488; x_wconf 90' lang='lat' dir='ltr'>princeps</span> <span class='ocrx_word' id='word_1_53' title='bbox 1080 1401 1184 1476; x_wconf 88' lang='lat' dir='ltr'>Plato,</span> 
     </span>
     <span class='ocr_line' id='line_1_9' title="bbox 235 1502 1184 1588; baseline 0 -21"><span class='ocrx_word' id='word_1_54' title='bbox 235 1502 275 1584; x_wconf 92' lang='lat' dir='ltr'>(si</span> <span class='ocrx_word' id='word_1_55' title='bbox 292 1517 396 1568; x_wconf 89' lang='lat' dir='ltr'>tamen</span> <span class='ocrx_word' id='word_1_56' title='bbox 409 1503 604 1569; x_wconf 88' lang='lat' dir='ltr'>Aristotelici</span> <span class='ocrx_word' id='word_1_57' title='bbox 618 1503 835 1588; x_wconf 89' lang='lat' dir='ltr'>acquiescunt)</span> <span class='ocrx_word' id='word_1_58' title='bbox 850 1525 953 1588; x_wconf 89' lang='lat' dir='ltr'>quum</span> <span class='ocrx_word' id='word_1_59' title='bbox 969 1523 1038 1565; x_wconf 84' lang='lat' dir='ltr'>cam</span> <span class='ocrx_word' id='word_1_60' title='bbox 1055 1525 1095 1566; x_wconf 88' lang='lat' dir='ltr'>ex</span> <span class='ocrx_word' id='word_1_61' title='bbox 1111 1503 1184 1567; x_wconf 91' lang='lat' dir='ltr'>sub-</span> 
     </span>
     <span class='ocr_line' id='line_1_10' title="bbox 233 1603 1185 1683; baseline -0.003 -14"><span class='ocrx_word' id='word_1_62' title='bbox 233 1606 352 1670; x_wconf 88' lang='lat' dir='ltr'>stantia</span> <span class='ocrx_word' id='word_1_63' title='bbox 366 1604 498 1669; x_wconf 90' lang='lat' dir='ltr'>dividua</span> <span class='ocrx_word' id='word_1_64' title='bbox 509 1623 541 1669; x_wconf 89' lang='lat' dir='ltr'>et</span> <span class='ocrx_word' id='word_1_65' title='bbox 557 1603 724 1669; x_wconf 87' lang='lat' dir='ltr'>individua</span> <span class='ocrx_word' id='word_1_66' title='bbox 738 1603 891 1683; x_wconf 86' lang='lat' dir='ltr'>finxisset,</span> <span class='ocrx_word' id='word_1_67' title='bbox 902 1616 934 1667; x_wconf 90' lang='lat' dir='ltr'>et</span> <span class='ocrx_word' id='word_1_68' title='bbox 949 1603 1058 1668; x_wconf 90' lang='lat' dir='ltr'>eadem</span> <span class='ocrx_word' id='word_1_69' title='bbox 1071 1617 1185 1667; x_wconf 89' lang='lat' dir='ltr'>natura</span> 
     </span>
     <span class='ocr_line' id='line_1_11' title="bbox 231 1703 1183 1792; baseline 0 -24"><span class='ocrx_word' id='word_1_70' title='bbox 231 1705 401 1792; x_wconf 86' lang='lat' dir='ltr'>plasmaret</span> <span class='ocrx_word' id='word_1_71' title='bbox 422 1714 453 1770; x_wconf 87' lang='lat' dir='ltr'>et</span> <span class='ocrx_word' id='word_1_72' title='bbox 470 1705 605 1785; x_wconf 90' lang='lat' dir='ltr'>diversa,</span> <span class='ocrx_word' id='word_1_73' title='bbox 622 1703 723 1791; x_wconf 81' lang='lat' dir='ltr'>ipsam</span> <span class='ocrx_word' id='word_1_74' title='bbox 748 1726 810 1767; x_wconf 93' lang='lat' dir='ltr'>non</span> <span class='ocrx_word' id='word_1_75' title='bbox 835 1727 927 1789; x_wconf 90' lang='lat' dir='ltr'>posse</span> <span class='ocrx_word' id='word_1_76' title='bbox 952 1718 1095 1768; x_wconf 87' lang='lat' dir='ltr'>constare</span> <span class='ocrx_word' id='word_1_77' title='bbox 1118 1727 1183 1768; x_wconf 92' lang='lat' dir='ltr'>cre·</span> 
     </span>
     <span class='ocr_line' id='line_1_12' title="bbox 231 1804 1184 1894; baseline 0 -24"><span class='ocrx_word' id='word_1_78' title='bbox 231 1806 326 1887; x_wconf 88' lang='lat' dir='ltr'>didit,</span> <span class='ocrx_word' id='word_1_79' title='bbox 336 1807 395 1872; x_wconf 87' lang='lat' dir='ltr'>nisi</span> <span class='ocrx_word' id='word_1_80' title='bbox 409 1805 555 1886; x_wconf 89' lang='lat' dir='ltr'>limitum,</span> <span class='ocrx_word' id='word_1_81' title='bbox 569 1807 623 1894; x_wconf 93' lang='lat' dir='ltr'>qui</span> <span class='ocrx_word' id='word_1_82' title='bbox 635 1806 796 1891; x_wconf 88' lang='lat' dir='ltr'>utrimque</span> <span class='ocrx_word' id='word_1_83' title='bbox 808 1804 983 1870; x_wconf 81' lang='lat' dir='ltr'>multifaria</span> <span class='ocrx_word' id='word_1_84' title='bbox 995 1806 1131 1870; x_wconf 88' lang='lat' dir='ltr'>sectione</span> <span class='ocrx_word' id='word_1_85' title='bbox 1143 1806 1184 1871; x_wconf 92' lang='lat' dir='ltr'>ab</span> 
     </span>
     <span class='ocr_line' id='line_1_13' title="bbox 231 1906 1229 1995; baseline -0.001 -22"><span class='ocrx_word' id='word_1_86' title='bbox 231 1909 351 1974; x_wconf 86' lang='lat' dir='ltr'>unitate</span> <span class='ocrx_word' id='word_1_87' title='bbox 367 1907 596 1995; x_wconf 85' lang='lat' dir='ltr'>profluxerant,</span> <span class='ocrx_word' id='word_1_88' title='bbox 619 1906 849 1982; x_wconf 86' lang='lat' dir='ltr'>dissidentiam,</span> <span class='ocrx_word' id='word_1_89' title='bbox 865 1907 1031 1984; x_wconf 91' lang='lat' dir='ltr'>hemioliis,</span> <span class='ocrx_word' id='word_1_90' title='bbox 1047 1908 1184 1993; x_wconf 87' lang='lat' dir='ltr'>epitritis</span> <span class='ocrx_word' id='word_1_91' title='bbox 1225 1970 1229 1980; x_wconf 93' lang='grc'><em>,</em></span> 
     </span>
     <span class='ocr_line' id='line_1_14' title="bbox 231 2008 1183 2097; baseline 0.001 -24"><span class='ocrx_word' id='word_1_92' title='bbox 231 2022 263 2074; x_wconf 91' lang='lat' dir='ltr'>et</span> <span class='ocrx_word' id='word_1_93' title='bbox 298 2010 450 2097; x_wconf 89' lang='lat' dir='ltr'>epogdois</span> <span class='ocrx_word' id='word_1_94' title='bbox 485 2010 596 2075; x_wconf 88' lang='lat' dir='ltr'>uniret.</span> <span class='ocrx_word' id='word_1_95' title='bbox 649 2008 783 2074; x_wconf 85' lang='lat' dir='ltr'>Limatis</span> <span class='ocrx_word' id='word_1_96' title='bbox 812 2022 843 2072; x_wconf 89' lang='lat' dir='ltr'>et</span> <span class='ocrx_word' id='word_1_97' title='bbox 880 2009 1045 2072; x_wconf 86' lang='lat' dir='ltr'>commatis</span> <span class='ocrx_word' id='word_1_98' title='bbox 1073 2009 1183 2074; x_wconf 89' lang='lat' dir='ltr'>habita</span> 
     </span>
     <span class='ocr_line' id='line_1_15' title="bbox 232 2110 1182 2197; baseline 0.003 -24"><span class='ocrx_word' id='word_1_99' title='bbox 232 2110 363 2187; x_wconf 87' lang='lat' dir='ltr'>ratione,</span> <span class='ocrx_word' id='word_1_100' title='bbox 375 2123 410 2175; x_wconf 93' lang='lat' dir='ltr'>ut</span> <span class='ocrx_word' id='word_1_101' title='bbox 421 2111 481 2175; x_wconf 92' lang='lat' dir='ltr'>sub</span> <span class='ocrx_word' id='word_1_102' title='bbox 492 2110 692 2197; x_wconf 81' lang='lat' dir='ltr'>expressione</span> <span class='ocrx_word' id='word_1_103' title='bbox 700 2130 888 2196; x_wconf 88' lang='lat' dir='ltr'>paucorum,</span> <span class='ocrx_word' id='word_1_104' title='bbox 896 2110 925 2172; x_wconf 90' lang='lat' dir='ltr'>ei</span> <span class='ocrx_word' id='word_1_105' title='bbox 935 2122 1182 2196; x_wconf 90' lang='lat' dir='ltr'>quantacunque</span> 
     </span>
     <span class='ocr_line' id='line_1_16' title="bbox 233 2209 1184 2298; baseline 0.002 -24"><span class='ocrx_word' id='word_1_106' title='bbox 233 2211 382 2276; x_wconf 87' lang='lat' dir='ltr'>distantia</span> <span class='ocrx_word' id='word_1_107' title='bbox 416 2211 662 2298; x_wconf 90' lang='lat' dir='ltr'>repugnantium</span> <span class='ocrx_word' id='word_1_108' title='bbox 698 2209 877 2288; x_wconf 89' lang='lat' dir='ltr'>concordia,</span> <span class='ocrx_word' id='word_1_109' title='bbox 906 2211 1032 2294; x_wconf 83' lang='lat' dir='ltr'>cognati</span> <span class='ocrx_word' id='word_1_110' title='bbox 1060 2211 1184 2295; x_wconf 84' lang='lat' dir='ltr'>generis</span> 
     </span>
     <span class='ocr_line' id='line_1_17' title="bbox 233 2312 1181 2400; baseline 0 -22"><span class='ocrx_word' id='word_1_111' title='bbox 233 2313 380 2379; x_wconf 87' lang='lat' dir='ltr'>societate</span> <span class='ocrx_word' id='word_1_112' title='bbox 391 2314 543 2379; x_wconf 88' lang='lat' dir='ltr'>doceatur</span> <span class='ocrx_word' id='word_1_113' title='bbox 554 2337 620 2378; x_wconf 91' lang='lat' dir='ltr'>esse</span> <span class='ocrx_word' id='word_1_114' title='bbox 635 2313 779 2377; x_wconf 81' lang='lat' dir='ltr'>finitima.</span> <span class='ocrx_word' id='word_1_115' title='bbox 806 2312 904 2378; x_wconf 93' lang='lat' dir='ltr'>Unde</span> <span class='ocrx_word' id='word_1_116' title='bbox 916 2335 1030 2377; x_wconf 88' lang='lat' dir='ltr'>arcano</span> <span class='ocrx_word' id='word_1_117' title='bbox 1041 2314 1181 2400; x_wconf 89' lang='lat' dir='ltr'>quodam</span> 
     </span>
     <span class='ocr_line' id='line_1_18' title="bbox 232 2415 1182 2502; baseline 0.002 -24"><span class='ocrx_word' id='word_1_118' title='bbox 232 2428 338 2481; x_wconf 90' lang='lat' dir='ltr'>meatu</span> <span class='ocrx_word' id='word_1_119' title='bbox 362 2429 495 2492; x_wconf 82' lang='lat' dir='ltr'>naturae,</span> <span class='ocrx_word' id='word_1_120' title='bbox 518 2416 708 2502; x_wconf 89' lang='lat' dir='ltr'>secretisque</span> <span class='ocrx_word' id='word_1_121' title='bbox 730 2415 897 2494; x_wconf 92' lang='lat' dir='ltr'>cuniculis,</span> <span class='ocrx_word' id='word_1_122' title='bbox 916 2415 1094 2480; x_wconf 87' lang='lat' dir='ltr'>vivacitatis</span> <span class='ocrx_word' id='word_1_123' title='bbox 1116 2440 1182 2480; x_wconf 87' lang='lat' dir='ltr'>suae</span> 
     </span>
     <span class='ocr_line' id='line_1_19' title="bbox 232 2514 1182 2601; baseline 0.005 -23"><span class='ocrx_word' id='word_1_124' title='bbox 232 2516 341 2600; x_wconf 85' lang='lat' dir='ltr'>vigore</span> <span class='ocrx_word' id='word_1_125' title='bbox 362 2538 419 2601; x_wconf 89' lang='lat' dir='ltr'>per</span> <span class='ocrx_word' id='word_1_126' title='bbox 437 2516 585 2580; x_wconf 86' lang='lat' dir='ltr'>universa</span> <span class='ocrx_word' id='word_1_127' title='bbox 607 2515 768 2591; x_wconf 87' lang='lat' dir='ltr'>discurrit,</span> <span class='ocrx_word' id='word_1_128' title='bbox 789 2528 820 2578; x_wconf 91' lang='lat' dir='ltr'>et</span> <span class='ocrx_word' id='word_1_129' title='bbox 844 2514 945 2578; x_wconf 89' lang='lat' dir='ltr'>cuivis</span> <span class='ocrx_word' id='word_1_130' title='bbox 962 2519 1182 2583; x_wconf 81' lang='lat' dir='ltr'>naturae&#39;sub-</span> 
     </span>
     <span class='ocr_line' id='line_1_20' title="bbox 232 2614 1183 2703; baseline 0.003 -23"><span class='ocrx_word' id='word_1_131' title='bbox 232 2617 418 2703; x_wconf 82' lang='lat' dir='ltr'>stantiaeque</span> <span class='ocrx_word' id='word_1_132' title='bbox 433 2614 612 2697; x_wconf 81' lang='lat' dir='ltr'>conformis,</span> <span class='ocrx_word' id='word_1_133' title='bbox 622 2615 765 2693; x_wconf 88' lang='lat' dir='ltr'>rationis,</span> <span class='ocrx_word' id='word_1_134' title='bbox 781 2638 901 2691; x_wconf 87' lang='lat' dir='ltr'>sensus,</span> <span class='ocrx_word' id='word_1_135' title='bbox 913 2617 987 2680; x_wconf 82' lang='lat' dir='ltr'>vitae</span> <span class='ocrx_word' id='word_1_136' title='bbox 1002 2617 1034 2680; x_wconf 92' lang='lat' dir='ltr'>in</span> <span class='ocrx_word' id='word_1_137' title='bbox 1051 2617 1183 2702; x_wconf 86' lang='lat' dir='ltr'>singulis</span> 
     </span>
     <span class='ocr_line' id='line_1_21' title="bbox 230 2717 1181 2806; baseline 0.005 -25"><span class='ocrx_word' id='word_1_138' title='bbox 230 2741 289 2804; x_wconf 92' lang='lat' dir='ltr'>pro</span> <span class='ocrx_word' id='word_1_139' title='bbox 316 2718 433 2783; x_wconf 86' lang='lat' dir='ltr'>diviuae</span> <span class='ocrx_word' id='word_1_140' title='bbox 460 2717 704 2806; x_wconf 84' lang='lat' dir='ltr'>dispensationis</span> <span class='ocrx_word' id='word_1_141' title='bbox 726 2717 855 2783; x_wconf 78' lang='lat' dir='ltr'>decreto</span> <span class='ocrx_word' id='word_1_142' title='bbox 877 2717 1045 2784; x_wconf 89' lang='lat' dir='ltr'>efficaciam</span> <span class='ocrx_word' id='word_1_143' title='bbox 1068 2720 1181 2786; x_wconf 94' lang='lat' dir='ltr'>modu·</span> 
     </span>
     <span class='ocr_line' id='line_1_22' title="bbox 231 2818 1179 2906; baseline 0.004 -23"><span class='ocrx_word' id='word_1_144' title='bbox 231 2819 326 2884; x_wconf 89' lang='lat' dir='ltr'>latur.</span> <span class='ocrx_word' id='word_1_145' title='bbox 372 2819 528 2885; x_wconf 88' lang='lat' dir='ltr'>Omnibus</span> <span class='ocrx_word' id='word_1_146' title='bbox 552 2820 661 2905; x_wconf 88' lang='lat' dir='ltr'>itaque</span> <span class='ocrx_word' id='word_1_147' title='bbox 691 2818 841 2883; x_wconf 87' lang='lat' dir='ltr'>alimenta</span> <span class='ocrx_word' id='word_1_148' title='bbox 869 2819 1042 2906; x_wconf 91' lang='lat' dir='ltr'>dispensat,</span> <span class='ocrx_word' id='word_1_149' title='bbox 1068 2835 1100 2886; x_wconf 91' lang='lat' dir='ltr'>et</span> <span class='ocrx_word' id='word_1_150' title='bbox 1130 2826 1179 2887; x_wconf 92' lang='lat' dir='ltr'>sui</span> 
     </span>
     <span class='ocr_line' id='line_1_23' title="bbox 229 2921 1179 3009; baseline 0.004 -25"><span class='ocrx_word' id='word_1_151' title='bbox 229 2922 370 3008; x_wconf 88' lang='lat' dir='ltr'>puritate</span> <span class='ocrx_word' id='word_1_152' title='bbox 379 2922 465 3007; x_wconf 83' lang='lat' dir='ltr'>viget</span> <span class='ocrx_word' id='word_1_153' title='bbox 477 2923 509 2985; x_wconf 91' lang='lat' dir='ltr'>in</span> <span class='ocrx_word' id='word_1_154' title='bbox 522 2923 664 3007; x_wconf 86' lang='lat' dir='ltr'>singulis,</span> <span class='ocrx_word' id='word_1_155' title='bbox 676 2925 737 2986; x_wconf 92' lang='lat' dir='ltr'>nisi</span> <span class='ocrx_word' id='word_1_156' title='bbox 748 2921 841 2986; x_wconf 89' lang='lat' dir='ltr'>molis</span> <span class='ocrx_word' id='word_1_157' title='bbox 853 2946 1013 3009; x_wconf 84' lang='lat' dir='ltr'>corporeae</span> <span class='ocrx_word' id='word_1_158' title='bbox 1021 2925 1179 3008; x_wconf 85' lang='lat' dir='ltr'>gravitate</span> 
     </span>
     <span class='ocr_line' id='line_1_24' title="bbox 228 3023 1178 3108; baseline 0.006 -25"><span class='ocrx_word' id='word_1_159' title='bbox 228 3034 412 3108; x_wconf 72' lang='lat' dir='ltr'>prematur3</span> <span class='ocrx_word' id='word_1_160' title='bbox 446 3035 502 3086; x_wconf 88' lang='lat' dir='ltr'>aut</span> <span class='ocrx_word' id='word_1_161' title='bbox 529 3023 790 3106; x_wconf 87' lang='lat' dir='ltr'>tranquillitatem</span> <span class='ocrx_word' id='word_1_162' title='bbox 819 3024 963 3107; x_wconf 86' lang='lat' dir='ltr'>spiritus,</span> <span class='ocrx_word' id='word_1_163' title='bbox 986 3024 1178 3089; x_wconf 83' lang='lat' dir='ltr'>exteriorum</span> 
     </span>
     <span class='ocr_line' id='line_1_25' title="bbox 230 3122 1179 3210; baseline 0.003 -23"><span class='ocrx_word' id='word_1_164' title='bbox 230 3122 432 3187; x_wconf 90' lang='lat' dir='ltr'>tumultuum</span> <span class='ocrx_word' id='word_1_165' title='bbox 458 3123 588 3208; x_wconf 89' lang='lat' dir='ltr'>spiritus</span> <span class='ocrx_word' id='word_1_166' title='bbox 613 3123 782 3187; x_wconf 90' lang='lat' dir='ltr'>concutiat.</span> <span class='ocrx_word' id='word_1_167' title='bbox 827 3126 902 3197; x_wconf 83' lang='lat' dir='ltr'>Qua</span> <span class='ocrx_word' id='word_1_168' title='bbox 924 3126 1077 3204; x_wconf 88' lang='lat' dir='ltr'>irruente,</span> <span class='ocrx_word' id='word_1_169' title='bbox 1101 3125 1179 3210; x_wconf 92' lang='lat' dir='ltr'>quid</span> 
     </span>
     <span class='ocr_line' id='line_1_26' title="bbox 228 3224 1179 3312; baseline 0.005 -24"><span class='ocrx_word' id='word_1_170' title='bbox 228 3236 336 3312; x_wconf 93' lang='lat' dir='ltr'>potest</span> <span class='ocrx_word' id='word_1_171' title='bbox 362 3247 428 3288; x_wconf 91' lang='lat' dir='ltr'>esse</span> <span class='ocrx_word' id='word_1_172' title='bbox 458 3224 626 3304; x_wconf 86' lang='lat' dir='ltr'>salubrius,</span> <span class='ocrx_word' id='word_1_173' title='bbox 652 3248 749 3311; x_wconf 88' lang='lat' dir='ltr'>quam</span> <span class='ocrx_word' id='word_1_174' title='bbox 777 3225 814 3304; x_wconf 91' lang='lat' dir='ltr'>si,</span> <span class='ocrx_word' id='word_1_175' title='bbox 839 3236 876 3289; x_wconf 90' lang='lat' dir='ltr'>ut</span> <span class='ocrx_word' id='word_1_176' title='bbox 902 3225 947 3290; x_wconf 91' lang='lat' dir='ltr'>ita</span> <span class='ocrx_word' id='word_1_177' title='bbox 972 3224 1087 3305; x_wconf 89' lang='lat' dir='ltr'>dicam,</span> <span class='ocrx_word' id='word_1_178' title='bbox 1113 3230 1179 3292; x_wconf 89' lang='lat' dir='ltr'>suis</span> 
     </span>
     <span class='ocr_line' id='line_1_27' title="bbox 227 3327 1177 3416; baseline 0.005 -25"><span class='ocrx_word' id='word_1_179' title='bbox 227 3341 353 3392; x_wconf 84' lang='lat' dir='ltr'>naturae</span> <span class='ocrx_word' id='word_1_180' title='bbox 368 3327 498 3392; x_wconf 91' lang='lat' dir='ltr'>vocibus</span> <span class='ocrx_word' id='word_1_181' title='bbox 513 3350 531 3390; x_wconf 98' lang='lat' dir='ltr'>a</span> <span class='ocrx_word' id='word_1_182' title='bbox 547 3330 774 3413; x_wconf 88' lang='lat' dir='ltr'>compressione</span> <span class='ocrx_word' id='word_1_183' title='bbox 789 3327 954 3391; x_wconf 89' lang='lat' dir='ltr'>turbarum</span> <span class='ocrx_word' id='word_1_184' title='bbox 971 3328 1011 3392; x_wconf 93' lang='lat' dir='ltr'>ad</span> <span class='ocrx_word' id='word_1_185' title='bbox 1028 3352 1061 3393; x_wconf 85' lang='lat' dir='ltr'>se</span> <span class='ocrx_word' id='word_1_186' title='bbox 1076 3330 1177 3416; x_wconf 91' lang='lat' dir='ltr'>ipsam</span> 
     </span>
     <span class='ocr_line' id='line_1_28' title="bbox 226 3427 1175 3519; baseline 0.004 -25"><span class='ocrx_word' id='word_1_187' title='bbox 226 3431 332 3494; x_wconf 89' lang='lat' dir='ltr'>anima</span> <span class='ocrx_word' id='word_1_188' title='bbox 354 3427 544 3495; x_wconf 84' lang='lat' dir='ltr'>revocetur?</span> <span class='ocrx_word' id='word_1_189' title='bbox 576 3429 662 3508; x_wconf 82' lang='lat' dir='ltr'>Quid</span> <span class='ocrx_word' id='word_1_190' title='bbox 685 3429 823 3516; x_wconf 89' lang='lat' dir='ltr'>denique</span> <span class='ocrx_word' id='word_1_191' title='bbox 845 3447 1024 3494; x_wconf 87' lang='lat' dir='ltr'>nostrorum</span> <span class='ocrx_word' id='word_1_192' title='bbox 1048 3433 1175 3519; x_wconf 90' lang='lat' dir='ltr'>spiritui</span> 
     </span>
     <span class='ocr_line' id='line_1_29' title="bbox 225 3531 1176 3619; baseline 0.006 -23"><span class='ocrx_word' id='word_1_193' title='bbox 225 3542 331 3619; x_wconf 88' lang='lat' dir='ltr'>potest</span> <span class='ocrx_word' id='word_1_194' title='bbox 343 3553 409 3596; x_wconf 88' lang='lat' dir='ltr'>esse</span> <span class='ocrx_word' id='word_1_195' title='bbox 419 3531 553 3596; x_wconf 89' lang='lat' dir='ltr'>similius</span> <span class='ocrx_word' id='word_1_196' title='bbox 563 3536 658 3597; x_wconf 81' lang='lat' dir='ltr'>voce?</span> <span class='ocrx_word' id='word_1_197' title='bbox 674 3556 748 3619; x_wconf 86' lang='lat' dir='ltr'>quae</span> <span class='ocrx_word' id='word_1_198' title='bbox 759 3554 862 3618; x_wconf 91' lang='lat' dir='ltr'>quum</span> <span class='ocrx_word' id='word_1_199' title='bbox 871 3533 923 3596; x_wconf 91' lang='lat' dir='ltr'>hic</span> <span class='ocrx_word' id='word_1_200' title='bbox 932 3533 1097 3613; x_wconf 89' lang='lat' dir='ltr'>formetur,</span> <span class='ocrx_word' id='word_1_201' title='bbox 1110 3549 1176 3602; x_wconf 89' lang='lat' dir='ltr'>tam</span> 
     </span>
     <span class='ocr_line' id='line_1_30' title="bbox 224 3633 1249 3721; baseline 0.006 -24"><span class='ocrx_word' id='word_1_202' title='bbox 224 3633 321 3715; x_wconf 73' lang='lat' dir='ltr'>sacili,</span> <span class='ocrx_word' id='word_1_203' title='bbox 337 3657 430 3721; x_wconf 87' lang='lat' dir='ltr'>quam</span> <span class='ocrx_word' id='word_1_204' title='bbox 456 3633 607 3699; x_wconf 88' lang='lat' dir='ltr'>invisibili</span> <span class='ocrx_word' id='word_1_205' title='bbox 622 3648 653 3699; x_wconf 93' lang='lat' dir='ltr'>et</span> <span class='ocrx_word' id='word_1_206' title='bbox 674 3633 825 3698; x_wconf 86' lang='lat' dir='ltr'>ineffabili</span> <span class='ocrx_word' id='word_1_207' title='bbox 848 3635 984 3699; x_wconf 92' lang='lat' dir='ltr'>transitu</span> <span class='ocrx_word' id='word_1_208' title='bbox 1000 3636 1173 3702; x_wconf 87' lang='lat' dir='ltr'>multorum</span> <span class='ocrx_word' id='word_1_209' title='bbox 1247 3686 1249 3690; x_wconf 27' lang='grc' dir='ltr'><strong><em>ι</em></strong></span> 
     </span>
     <span class='ocr_line' id='line_1_31' title="bbox 225 3736 1175 3824; baseline 0.005 -24"><span class='ocrx_word' id='word_1_210' title='bbox 225 3736 474 3824; x_wconf 84' lang='lat' dir='ltr'>circumquaque</span> <span class='ocrx_word' id='word_1_211' title='bbox 490 3738 592 3823; x_wconf 89' lang='lat' dir='ltr'>replet</span> <span class='ocrx_word' id='word_1_212' title='bbox 606 3737 763 3815; x_wconf 87' lang='lat' dir='ltr'>auditum,</span> <span class='ocrx_word' id='word_1_213' title='bbox 778 3750 810 3802; x_wconf 92' lang='lat' dir='ltr'>et</span> <span class='ocrx_word' id='word_1_214' title='bbox 827 3737 855 3800; x_wconf 84' lang='lat' dir='ltr'>vi</span> <span class='ocrx_word' id='word_1_215' title='bbox 872 3759 929 3800; x_wconf 91' lang='lat' dir='ltr'>sua</span> <span class='ocrx_word' id='word_1_216' title='bbox 945 3759 1111 3822; x_wconf 89' lang='lat' dir='ltr'>corporum</span> <span class='ocrx_word' id='word_1_217' title='bbox 1129 3741 1175 3805; x_wconf 93' lang='lat' dir='ltr'>in-</span> 
     </span>
     <span class='ocr_line' id='line_1_32' title="bbox 226 3839 1172 3926; baseline 0.002 -20"><span class='ocrx_word' id='word_1_218' title='bbox 226 3852 347 3924; x_wconf 87' lang='lat' dir='ltr'>tegram</span> <span class='ocrx_word' id='word_1_219' title='bbox 371 3852 516 3926; x_wconf 88' lang='lat' dir='ltr'>penetrat</span> <span class='ocrx_word' id='word_1_220' title='bbox 539 3840 739 3921; x_wconf 87' lang='lat' dir='ltr'>densitatem,</span> <span class='ocrx_word' id='word_1_221' title='bbox 758 3853 789 3905; x_wconf 90' lang='lat' dir='ltr'>et</span> <span class='ocrx_word' id='word_1_222' title='bbox 812 3839 903 3925; x_wconf 89' lang='lat' dir='ltr'>quasi</span> <span class='ocrx_word' id='word_1_223' title='bbox 927 3853 1014 3904; x_wconf 91' lang='lat' dir='ltr'>tactu</span> <span class='ocrx_word' id='word_1_224' title='bbox 1035 3844 1172 3924; x_wconf 89' lang='lat' dir='ltr'>quodam</span> 
     </span>
     <span class='ocr_line' id='line_1_33' title="bbox 224 3941 1173 4031; baseline 0.005 -27"><span class='ocrx_word' id='word_1_225' title='bbox 224 3955 331 4006; x_wconf 87' lang='lat' dir='ltr'>movet</span> <span class='ocrx_word' id='word_1_226' title='bbox 346 3944 498 4025; x_wconf 89' lang='lat' dir='ltr'>animum,</span> <span class='ocrx_word' id='word_1_227' title='bbox 513 3957 544 4009; x_wconf 91' lang='lat' dir='ltr'>et</span> <span class='ocrx_word' id='word_1_228' title='bbox 558 3967 616 4031; x_wconf 89' lang='lat' dir='ltr'>pro</span> <span class='ocrx_word' id='word_1_229' title='bbox 631 3941 763 4007; x_wconf 87' lang='lat' dir='ltr'>arbitrio</span> <span class='ocrx_word' id='word_1_230' title='bbox 782 3967 840 4007; x_wconf 93' lang='lat' dir='ltr'>suo</span> <span class='ocrx_word' id='word_1_231' title='bbox 855 3963 939 4005; x_wconf 91' lang='lat' dir='ltr'>nuuc</span> <span class='ocrx_word' id='word_1_232' title='bbox 954 3942 1073 4028; x_wconf 90' lang='lat' dir='ltr'>dejicit,</span> <span class='ocrx_word' id='word_1_233' title='bbox 1089 3967 1173 4009; x_wconf 91' lang='lat' dir='ltr'>nunc</span> 
     </span>
     <span class='ocr_line' id='line_1_34' title="bbox 224 4042 1170 4127; baseline 0.002 -22"><span class='ocrx_word' id='word_1_234' title='bbox 224 4042 358 4107; x_wconf 84' lang='lat' dir='ltr'>extollit.</span> <span class='ocrx_word' id='word_1_235' title='bbox 405 4046 512 4126; x_wconf 86' lang='lat' dir='ltr'>Certe,</span> <span class='ocrx_word' id='word_1_236' title='bbox 535 4043 593 4109; x_wconf 90' lang='lat' dir='ltr'>etsi</span> <span class='ocrx_word' id='word_1_237' title='bbox 620 4043 708 4108; x_wconf 86' lang='lat' dir='ltr'>nulla</span> <span class='ocrx_word' id='word_1_238' title='bbox 732 4043 853 4109; x_wconf 88' lang='lat' dir='ltr'>ratione</span> <span class='ocrx_word' id='word_1_239' title='bbox 876 4044 917 4108; x_wconf 91' lang='lat' dir='ltr'>sit</span> <span class='ocrx_word' id='word_1_240' title='bbox 940 4044 1080 4127; x_wconf 90' lang='lat' dir='ltr'>spiritus,</span> <span class='ocrx_word' id='word_1_241' title='bbox 1104 4068 1170 4107; x_wconf 90' lang='lat' dir='ltr'>eam</span> 
     </span>
     <span class='ocr_line' id='line_1_35' title="bbox 223 4140 1171 4231; baseline 0.004 -28"><span class='ocrx_word' id='word_1_242' title='bbox 223 4140 385 4226; x_wconf 88' lang='lat' dir='ltr'>quoddam</span> <span class='ocrx_word' id='word_1_243' title='bbox 402 4144 582 4209; x_wconf 89' lang='lat' dir='ltr'>vehiculum</span> <span class='ocrx_word' id='word_1_244' title='bbox 596 4142 725 4231; x_wconf 86' lang='lat' dir='ltr'>spiritus</span> <span class='ocrx_word' id='word_1_245' title='bbox 740 4168 805 4209; x_wconf 90' lang='lat' dir='ltr'>esse</span> <span class='ocrx_word' id='word_1_246' title='bbox 817 4143 1025 4209; x_wconf 89' lang='lat' dir='ltr'>certissimum</span> <span class='ocrx_word' id='word_1_247' title='bbox 1042 4159 1099 4205; x_wconf 88' lang='lat' dir='ltr'>est.</span> <span class='ocrx_word' id='word_1_248' title='bbox 1126 4147 1171 4207; x_wconf 88' lang='lat' dir='ltr'>Et</span> 
     </span>
     <span class='ocr_line' id='line_1_36' title="bbox 224 4244 1173 4328; baseline -0.002 -24"><span class='ocrx_word' id='word_1_249' title='bbox 224 4264 309 4306; x_wconf 91' lang='lat' dir='ltr'>nuuc</span> <span class='ocrx_word' id='word_1_250' title='bbox 320 4244 448 4328; x_wconf 90' lang='lat' dir='ltr'>quidem</span> <span class='ocrx_word' id='word_1_251' title='bbox 462 4245 648 4322; x_wconf 89' lang='lat' dir='ltr'>humanum,</span> <span class='ocrx_word' id='word_1_252' title='bbox 659 4270 743 4310; x_wconf 89' lang='lat' dir='ltr'>nunc</span> <span class='ocrx_word' id='word_1_253' title='bbox 755 4247 909 4321; x_wconf 81' lang='lat' dir='ltr'>divinum,</span> <span class='ocrx_word' id='word_1_254' title='bbox 923 4259 1048 4306; x_wconf 87' lang='lat' dir='ltr'>nuncet</span> <span class='ocrx_word' id='word_1_255' title='bbox 1061 4245 1173 4328; x_wconf 74' lang='lat' dir='ltr'>pytlro.</span> 
     </span>
    </p>
   </div>
   <div class='ocr_carea' id='block_1_4' title="bbox 0 0 1660 5309">
    <p class='ocr_par' dir='ltr' id='par_1_4' title="bbox 0 0 1660 5309">
     <span class='ocr_line' id='line_1_37' title="bbox 0 0 1660 5309; baseline 0 5"><span class='ocrx_word' id='word_1_256' title='bbox 0 0 1660 5309; x_wconf 95' lang='lat' dir='ltr'> </span> 
     </span>
    </p>
   </div>
  </div>
 </body>
</html>
