3309 5309
346 707 416 751 cao.
433 689 498 764 nn]
650 756 652 759 .
706 700 960 746 eonrcaamcus.
1234 688 1297 746 297

348 837 548 940 philosophis
563 852 677 938 placet,
690 850 854 937 sapientia,
869 871 977 926 rerum
991 847 1170 912 divinarum
1185 850 1299 916 huma·

274 1000 280 1015 ι
345 978 525 1044 uarumque
540 954 697 1042 princeps,
710 963 743 1017 et
756 951 968 1037 gerendorum
985 949 1298 1038 omittendorumque

347 1059 489 1125 scientia.
542 1058 629 1122 Huic
655 1078 730 1121 vero
758 1054 903 1120 insistere
933 1052 1146 1141 philosophari
1175 1065 1233 1132 est,
1259 1077 1300 1121 eo

347 1163 434 1251 quod
460 1159 663 1246 Philosophia
687 1158 728 1223 sit
753 1158 893 1224 studium
920 1156 1095 1243 sapientiae.
1150 1157 1199 1223 Ut
1223 1179 1300 1244 ergo

347 1264 488 1352 antiquis
520 1262 651 1350 placuit,
680 1261 722 1327 ad
756 1262 872 1326 ostium
909 1260 1074 1347 sapientire
1102 1259 1301 1349 philosophia

347 1365 463 1453 pulsat,
478 1375 512 1430 et
533 1387 634 1452 quum
653 1364 684 1428 ei
699 1374 845 1450 apertum
862 1362 968 1439 fuerit,
984 1362 1092 1426 anima
1106 1385 1211 1427 rerum
1227 1364 1300 1429 luce

347 1469 484 1534 dulciter
519 1467 685 1543 illustrata,
722 1487 840 1530 nomen
880 1463 1093 1550 Philosophiae
1130 1467 1300 1533 evanescit.

349 1574 428 1653 Aut,
447 1570 529 1636 sicut
551 1569 834 1655 perspicacioribus
853 1568 954 1632 visum
978 1577 1038 1647 est,
1052 1565 1223 1633 voluntatis
1243 1592 1302 1656 ap-

351 1675 471 1761 petitus
487 1674 649 1761 impletur,
664 1694 763 1761 quum
787 1672 845 1736 flos
867 1670 963 1735 studii
977 1670 1080 1755 vergit
1100 1669 1134 1734 in
1150 1670 1300 1740 fructum.

354 1777 438 1840 Nam
467 1776 676 1862 philosophioe
706 1777 788 1856 linis,
816 1772 972 1860 sapientia
996 1784 1053 1837 est.
1101 1771 1167 1838 Sed
1194 1773 1302 1839 nescio

351 1899 490 1965 quonam
519 1890 613 1965 pacto
640 1879 710 1964 jam
739 1898 903 1943 versamur
931 1875 965 1940 in
993 1874 1059 1939 line
1087 1874 1183 1957 illius,
1211 1876 1302 1962 cujus

350 1980 477 2045 initium
498 1981 640 2046 nondum
661 1980 859 2067 agnovimus,
879 1978 966 2066 quod
985 1977 1020 2043 in
1040 1977 1135 2043 rebus
1153 1979 1303 2045 omnibus

352 2083 570 2169 potentissima
597 2106 669 2170 pars
698 2106 765 2148 esse
796 2092 952 2148 censetur.
997 2081 1216 2147 Veruntamen
1246 2081 1303 2170 qui

350 2185 448 2250 finem
471 2187 571 2264 novit,
584 2187 711 2252 initium
727 2186 874 2271 ignorare
889 2207 953 2250 non
970 2194 1084 2271 potest,
1096 2206 1198 2272 quum
1212 2185 1303 2250 radix

352 2288 445 2372 initii,
459 2311 517 2376 per
531 2290 724 2378 multiplices
735 2288 860 2355 virtutis
874 2289 1027 2367 tramites,
1044 2309 1144 2376 usque
1158 2288 1201 2353 ad
1215 2311 1304 2355 coro-

352 2410 428 2454 nam
458 2389 540 2466 finis,
570 2390 755 2478 fructusque
787 2389 1005 2471 dulcedinem,
1032 2388 1209 2455 vivacitatis
1236 2412 1304 2456 suae

352 2481 509 2556 soliditate
524 2504 731 2578 pertranseat.
765 2493 863 2572 Ecce,
877 2492 982 2578 inquit
996 2491 1109 2555 beatus
1123 2491 1196 2568 Job,
1208 2491 1305 2558 timor

354 2594 485 2659 Domini
500 2595 569 2680 ipsa
583 2606 632 2660 est
652 2595 817 2681 sapientia,
834 2602 868 2656 et
887 2591 1037 2656 recedere
1052 2613 1073 2655 a
1086 2591 1172 2655 malo
1185 2591 1306 2657 intelli-

352 2697 470 2781 gentia.
517 2696 624 2762 Aliam
639 2717 715 2760 vero
736 2693 877 2758 radicem
898 2691 1063 2777 sapientiae
1077 2712 1236 2778 nusquam
1255 2693 1307 2757 in·

352 2800 454 2877 venio,
471 2820 572 2885 quum
595 2799 629 2860 in
649 2819 689 2860 eo
710 2795 911 2860 consentiant
936 2815 1057 2871 omnes,
1072 2794 1159 2881 quod
1176 2794 1305 2860 initium

354 2900 518 2988 sapientiae
535 2898 631 2962 timor
653 2898 797 2964 Domini.
841 2898 953 2964 ulmor
974 2919 1051 2982 ergo
1069 2896 1208 2978 initium,
1224 2909 1258 2964 et
1271 2899 1306 2963 in

352 3005 469 3069 timore
495 3022 658 3088 processus
684 3012 742 3079 est,
767 3013 801 3066 et
822 3000 967 3067 omnium
989 3002 1143 3067 virtutum
1167 3002 1306 3084 culmen,

352 3106 420 3171 sive
435 3104 514 3169 illud
531 3105 707 3186 caritatem,
716 3105 782 3171 sive
797 3106 986 3192 sapientiam
1000 3105 1098 3186 dicas,
1112 3128 1176 3172 non
1191 3128 1308 3194 usque-

353 3232 481 3300 quaque
511 3209 653 3274 alienum
679 3221 728 3274 est
753 3233 772 3274 a
801 3209 927 3274 timore.
983 3210 1014 3274 A
1042 3208 1131 3274 filiali
1159 3210 1305 3276 servilem

352 3313 478 3379 divide:
508 3311 542 3377 in
567 3312 629 3376 hoc
653 3312 794 3390 initium,
820 3311 854 3376 in
880 3309 936 3375 illo
959 3310 1125 3398 sapientis
1150 3311 1306 3378 constitue

354 3417 542 3503 profectum,
553 3426 587 3480 et
597 3414 713 3480 exinde
722 3415 962 3501 perfectionem.
994 3415 1196 3504 Quocunque
1211 3417 1308 3482 modo

354 3542 387 3584 se
401 3518 495 3584 luxus
509 3519 679 3584 verborum
699 3517 841 3596 extollat,
858 3541 970 3583 rerum
989 3529 1050 3602 est,
1062 3519 1139 3607 quia
1153 3518 1309 3606 sapientia

354 3621 498 3686 initiatur
523 3622 556 3685 in
582 3621 707 3699 timore,
733 3632 767 3686 et
792 3622 879 3710 quod
903 3633 1030 3687 sanctus
1054 3622 1152 3686 timor
1175 3620 1309 3687 Domini

356 3734 524 3810 permanet
543 3723 577 3788 in
597 3725 751 3789 saeculum
773 3724 892 3790 saeculi.
943 3725 1060 3791 Manet
1078 3725 1187 3814 itaque
1207 3724 1308 3803 radix,

355 3837 389 3892 et
407 3826 612 3891 incrementis
634 3827 745 3912 gratiae
765 3826 961 3893 invalescens
977 3828 1011 3892 in
1033 3850 1138 3893 ramos
1154 3828 1309 3917 virtutum

355 3929 491 4015 proficit,
500 3940 534 3994 et
544 3929 591 3994 vis
606 3930 675 4015 ejus
689 3931 730 3995 ad
741 3931 880 3995 fructum
892 3930 1043 4018 perfectas
1058 3930 1198 3997 caritatis
1208 3952 1309 4018 usque

358 4033 520 4119 pertingit,
534 4056 607 4120 quae
622 4056 789 4120 poenarum
804 4036 907 4101 nescit
920 4037 1057 4114 aculeos,
1074 4058 1173 4123 quum
1189 4056 1253 4097 non
1268 4033 1310 4097 sit

359 4143 463 4200 metus
488 4136 521 4199 in
547 4136 689 4221 caritate,
711 4138 766 4227 qui
789 4162 918 4226 poenam
941 4139 1048 4216 habet,
1071 4149 1105 4202 et
1126 4137 1167 4201 sit
1189 4134 1310 4198 timoris

359 4237 525 4318 indicium,
548 4239 634 4325 quod
656 4240 741 4305 bona
762 4262 860 4326 opera
876 4241 998 4326 jugiter
1019 4239 1105 4318 lacit,
1126 4247 1160 4301 et
1176 4234 1311 4321 justitiae

357 4338 523 4403 continens
542 4339 678 4405 eandem
698 4340 919 4425 apprehendit.
964 4338 1076 4405 Metus
1094 4359 1170 4422 ergo
1184 4336 1311 4401 videtur
