3309 5309
359 678 422 738 818
632 683 772 730 JOANNIS
788 683 1070 728 SARESBERIENSIS
1187 663 1269 743 [us.
1285 686 1314 730 V.
1387 756 1391 766 Ι

359 841 529 926 patrocinii
553 837 738 902 fidelissime
761 835 959 919 implendum
982 847 1042 909 est,
1063 848 1095 899 et
1114 837 1185 900 sine
1206 837 1314 901 adver-

360 945 511 1008 sariorum
534 939 660 1024 injuria.
706 938 900 1001 Rationibus
922 958 1073 1022 namque,
1095 961 1162 1002 non
1190 941 1314 1022 probris

358 1041 616 1108 contendendum
632 1051 690 1118 est,
703 1050 734 1102 et
750 1062 792 1103 ex
808 1040 916 1102 edicto
931 1040 1087 1122 principis
1108 1042 1227 1125 patitur
1246 1048 1313 1125 opi·

357 1146 465 1210 nionis
480 1141 697 1226 dispendium,
708 1141 858 1226 quisquis
869 1141 999 1222 negotio
1015 1140 1177 1221 derelicto,
1194 1166 1312 1226 procax

356 1248 390 1311 in
409 1245 580 1310 adversarii
603 1244 653 1306 sui
673 1243 900 1307 contumeliam
924 1252 980 1306 aut
1002 1245 1109 1327 palam
1130 1245 1245 1329 pergit,
1259 1261 1312 1310 aut

357 1347 501 1413 subdole.
549 1345 614 1409 Sed
635 1345 712 1408 licet
730 1356 865 1428 patrono
886 1367 1010 1409 merces
1030 1365 1070 1409 ex
1093 1333 1197 1411 casua¹
1213 1349 1311 1411 bono·

356 1450 428 1513 rarii
452 1449 617 1525 debeatur,
640 1448 902 1510 concinnatorem
933 1449 983 1510 vel
1009 1448 1245 1531 redemptorem
1274 1451 1312 1511 li-

356 1554 436 1618 tium
452 1574 522 1615 esse
538 1572 603 1614 non
615 1551 702 1628 licet,
712 1561 748 1614 ut
760 1561 854 1613 certae
866 1551 966 1632 partis
976 1552 1225 1614 emolumentum
1238 1574 1310 1615 cum

356 1655 443 1736 gravi
459 1652 576 1715 damno
596 1651 776 1732 litigatoris,
791 1659 823 1713 et
843 1650 982 1733 quadam
1006 1651 1234 1734 deprecatione
1254 1675 1309 1735 pa-

355 1756 501 1820 ciscatur.
546 1751 711 1836 Quicquid
734 1760 839 1815 autem
863 1763 1015 1834 patronus
1032 1753 1217 1833 allegaverit
1231 1775 1309 1839 pra·-

355 1869 444 1921 sente
461 1855 602 1932 domino,
616 1853 748 1936 perinde
763 1863 812 1916 est
825 1852 1023 1930 habendum,
1038 1874 1076 1917 ac
1092 1854 1118 1916 si
1134 1855 1310 1937 proferatur

353 1979 374 2022 a
388 1957 529 2034 dominu,
542 1957 604 2020 nisi
628 1977 670 2019 ex
690 1955 877 2030 continenti,
891 1954 926 2016 id
949 1965 1007 2034 est,
1021 1955 1105 2018 infra
1125 1957 1307 2039 proximum

354 2058 497 2122 triduum
514 2056 753 2121 contradixerit.
798 2055 892 2118 Licet
914 2066 1019 2118 autem
1035 2065 1209 2138 patronum
1224 2059 1307 2121 vinci

354 2160 582 2240 contigentia
598 2159 687 2221 nullo
710 2157 836 2220 laeditur
859 2157 942 2220 fama
961 2156 1041 2240 ejus,
1056 2159 1083 2221 si
1105 2159 1187 2222 nihil
1202 2161 1308 2224 omisit

353 2281 395 2323 ex
419 2261 689 2340 contingentibus,
713 2268 745 2321 et
767 2258 893 2322 clientis
916 2260 965 2321 sui
986 2258 1146 2343 justitiam
1173 2261 1307 2325 fideliter

351 2360 438 2422 fovit.
485 2362 560 2421 Non
580 2360 664 2421 enim
685 2360 809 2441 cogitur
829 2361 1022 2442 patrocinari
1044 2361 1225 2426 mendacio.
1268 2364 1303 2427 si

352 2458 430 2543 quid
453 2480 527 2521 vero
552 2459 694 2521 laesionis
718 2460 809 2521 affert
836 2481 943 2538 causa,
964 2461 997 2523 in
1023 2461 1186 2542 litigantes
1211 2463 1306 2542 cadit,
1391 2504 1407 2516 -

350 2562 417 2626 sive
433 2562 576 2636 civiliter,
592 2562 655 2625 sivr
670 2563 875 2625 criminaliter
890 2575 994 2626 actum
1010 2564 1059 2628 sit.
1107 2565 1184 2629 Hoc
1201 2578 1304 2630 autem
1373 2584 1378 2596 ’

351 2663 504 2748 quicquid
528 2665 579 2742 sit,
595 2665 753 2727 sententia
777 2664 946 2729 diffinitiva
968 2665 1120 2740 declarat,
1143 2690 1216 2751 quae
1236 2690 1305 2731 reos

351 2766 555 2842 condemnat,
567 2769 614 2828 vel
632 2765 780 2841 absolsit,
793 2777 825 2829 et
841 2765 998 2829 interdum
1009 2767 1043 2828 in
1060 2767 1149 2851 ipsos
1161 2779 1304 2832 auctores

352 2867 586 2928 consultissime
612 2866 792 2929 acerbitatis
816 2865 952 2928 effundit
978 2868 1118 2931 aculeos.
1164 2871 1248 2933 Nam
1270 2881 1304 2932 ut

351 2966 391 3030 de
407 2967 557 3031 civilibus
578 2979 728 3045 taceatur,
743 2968 776 3028 in
797 2969 919 3050 quibus
933 2979 1040 3032 tamen
1056 2979 1106 3032 est
1126 2971 1241 3034 eadem
1256 2973 1301 3034 in·

350 3070 470 3146 venire,
485 3081 705 3133 accusatorum
721 3069 883 3133 temeritas
898 3070 1000 3134 tribus
1015 3070 1120 3134 modis
1135 3071 1303 3156 detegitur,

349 3168 514 3252 tribusque
530 3170 696 3254 subjicitur
710 3171 824 3254 poenis.
870 3173 936 3235 Aut
951 3172 1038 3235 enim
1059 3170 1302 3253 calumniantur,

349 3280 405 3332 aut
434 3270 687 3353 praevaricantur,
716 3282 771 3334 aut
800 3273 1054 3354 tergiversantur.
1104 3275 1169 3337 Est
1198 3287 1300 3340 autem

350 3371 547 3449 calumniari,
577 3373 711 3435 crimina
744 3373 824 3435 falsa
853 3374 1028 3437 intendere.
1085 3375 1300 3452 Praeraricari,

349 3492 424 3535 vera
445 3470 650 3536 abscondere.
695 3476 738 3538 At
759 3474 793 3537 in
816 3476 997 3539 universum
1025 3479 1066 3540 ab
1097 3480 1300 3543 accusatione

350 3572 513 3651 desistere,
536 3575 732 3655 tergiversari
758 3585 817 3639 est.
863 3577 927 3640 Sed
950 3579 1020 3659 lege
1042 3579 1159 3643 Remia
1184 3583 1301 3644 calum·

349 3672 474 3735 uiantes
495 3673 536 3735 ad
560 3673 732 3736 vindictam
750 3676 854 3757 poscit
874 3676 1051 3739 similitudo
1072 3679 1236 3760 supplicii,
1256 3679 1299 3741 ita

348 3782 453 3833 tamen
470 3784 504 3834 ut
518 3787 689 3857 postquam
702 3798 774 3839 reus
789 3777 954 3840 absolutus
969 3778 1062 3840 fuerit
1077 3800 1175 3862 quum
1192 3779 1233 3841 de
1249 3800 1299 3841 ac-

347 3872 503 3936 cusatoris
519 3876 652 3936 consilio
675 3888 707 3939 et
722 3889 826 3940 mente
842 3879 1031 3951 constiterit,
1048 3880 1074 3941 si
1091 3879 1181 3962 justo
1198 3902 1298 3942 errore

346 3976 456 4057 lapsus
477 3983 534 4049 est,
549 3975 741 4038 absolvatur.
788 3975 822 4040 Si
839 4001 911 4042 vero
932 3979 966 4041 in
984 3979 1122 4042 evidenti
1138 3983 1298 4045 calumnia

346 4074 563 4156 deprehensus
578 4084 637 4147 est,
653 4095 750 4156 poena
764 4078 908 4159 legitima
923 4079 1164 4143 condemnetur.
1203 4081 1296 4154 Quod

347 4166 448 4257 ipsius
470 4175 746 4256 pronunciationis
767 4181 988 4244 manifestatur
1011 4183 1117 4243 verbo.
1164 4184 1248 4247 Nam
1271 4184 1297 4245 si

346 4276 589 4357 pronunciatum
612 4288 670 4356 est,
692 4300 755 4341 nou
776 4283 930 4363 probasti,
944 4284 1090 4365 pepercit
1106 4285 1217 4348 actori.
1263 4284 1296 4348 Si
