3309 5309
252 668 321 716 car.
337 650 445 730 xxm]
609 667 866 715 roarouarrous.
1144 661 1202 722 127

251 841 359 884 rerum
371 841 477 898 cursu,
488 831 646 898 versatur,
656 818 776 882 frustra
787 819 846 884 tibi
859 819 898 882 de
914 820 1054 887 siderum
1066 823 1200 890 familia·

251 921 348 986 ritate
356 920 518 995 blandiris,
527 942 623 1005 quum
634 920 753 985 asolito
762 943 867 984 rerum
878 945 972 987 cursu
986 926 1088 990 multa
1099 927 1201 991 diver-

251 1035 334 1101 tant,
346 1035 379 1089 et
389 1046 426 1086 eo
438 1022 549 1108 majori
562 1021 768 1086 admiratione
780 1023 895 1088 feriant
907 1047 1015 1090 sensus
1026 1028 1202 1110 hominum,

253 1147 319 1210 quo
335 1147 396 1188 non
413 1124 508 1188 modo
529 1124 662 1199 insueta,
678 1125 731 1187 sed
748 1124 808 1208 ipsi
831 1139 954 1190 naturae
977 1128 1125 1195 videntur
1146 1130 1203 1194 ad-

253 1249 362 1290 versa:
395 1240 443 1301 ut,
458 1249 558 1312 quum
583 1225 655 1289 solis
677 1226 820 1291 defectus
838 1227 1013 1312 plenilunio
1034 1233 1202 1317 contingit,

251 1340 310 1392 aut
325 1327 351 1391 si
367 1327 449 1391 circa
464 1326 634 1412 synodum,
646 1339 701 1390 ant
716 1327 799 1390 circa
810 1326 1031 1412 plenilunium,
1044 1331 1092 1395 vel
1103 1332 1201 1411 ultra,

252 1428 382 1493 luminis
391 1427 440 1492 sui
451 1427 526 1491 luna
537 1430 679 1513 patiatur
691 1427 841 1513 eclipsim.
876 1429 940 1503 Qui
951 1432 1035 1496 enim
1045 1433 1202 1500 sideribus

250 1533 353 1616 legem
370 1528 471 1607 dedit,
495 1529 551 1616 qui
571 1529 728 1594 curricula
748 1544 925 1614 temporum
944 1533 1113 1600 voluntatis
1135 1561 1202 1604 suae

251 1633 343 1697 freno
357 1633 553 1710 moderatur,
568 1631 623 1717 qui
636 1653 741 1695 rerum
759 1643 917 1696 momenta
928 1636 1123 1720 temporibus
1137 1640 1202 1702 suis

251 1735 480 1811 accommodat,
496 1734 626 1821 quaudo
646 1733 727 1808 vult,
744 1747 775 1798 et
791 1756 856 1818 quo
871 1735 967 1798 modo
988 1737 1069 1816 vnlt,
1085 1761 1200 1804 novum

251 1851 401 1925 stupente
415 1849 541 1916 natura,
556 1849 612 1900 aut
624 1858 730 1899 rarum
746 1848 851 1921 potest
866 1837 1040 1921 producere
1054 1840 1202 1904 effectum

250 1960 289 2004 ex
304 1939 407 2003 causis
421 1937 692 2012 concurrentibus,
708 1959 782 2021 quae
803 1935 895 1999 aliter
910 1960 1019 2021 parere
1034 1962 1203 2004 consueve-

253 2052 335 2106 rant.
357 2039 439 2133 Quis
450 2042 533 2102 enim
546 2037 741 2102 consiliarius
752 2038 822 2123 ejus
837 2038 912 2110 fuit,
925 2051 982 2103 aut
997 2040 1081 2106 dicet
1093 2042 1122 2105 ei
1135 2044 1202 2107 Cur

254 2142 299 2207 ite
316 2142 414 2206 lacis?
443 2141 565 2223 Utique
583 2143 741 2204 Dominus
761 2153 830 2205 est:
859 2141 944 2224 quod
968 2142 1201 2228 beneplacitum

252 2258 299 2311 est
329 2245 362 2308 in
392 2241 492 2307 oculis
521 2242 586 2306 suis
610 2241 714 2307 faciet,
760 2242 967 2328 Dispositioni
990 2267 1067 2328 ergo
1091 2259 1202 2330 aptare

253 2358 405 2431 tempora,
421 2354 452 2407 et
469 2364 573 2406 rerum
586 2353 745 2404 momenta
760 2340 880 2403 variare
895 2343 1104 2427 temporibus,
1116 2344 1202 2409 solus

254 2448 308 2512 ille
317 2447 372 2533 qni
381 2442 548 2529 disposuit,
560 2454 680 2530 potest:
704 2455 736 2506 et
748 2466 847 2527 quum
858 2443 1032 2508 multorum
1042 2446 1201 2524 notitiam,

254 2547 427 2615 secundum
444 2544 631 2631 beneplaciti
647 2547 697 2608 sui
713 2567 904 2626 mensuram,
917 2548 1103 2612 concesserit
1118 2571 1203 2612 crea-

255 2664 349 2729 turae,
359 2650 419 2714 hoc
429 2648 488 2713 sibi
500 2647 625 2712 trinitas
636 2644 838 2730 singulariter
849 2646 1031 2713 reservavit.
1066 2649 1203 2722 Quando

251 2753 373 2838 itaque,
388 2763 420 2815 et
436 2748 591 2836 quamdiu
611 2747 691 2833 quid
707 2747 852 2811 futurum
872 2747 913 2811 sit
928 2748 1030 2824 novit,
1050 2761 1082 2813 et
1097 2763 1204 2836 partes

254 2867 433 2940 temporum
445 2851 498 2914 ille
512 2850 686 2934 dispensat,
701 2870 860 2933 perquem
876 2849 946 2935 ipsa
961 2861 1103 2935 tempora
1118 2840 1206 2919 facta*

251 2968 337 3020 suut.
378 2954 455 3036 Ipsa
464 2972 592 3037 quoqne
604 2963 748 3034 tempora
757 2960 844 3013 motu
858 2960 891 3013 et
902 2950 1076 3014 variatione
1084 2975 1202 3032 rerum,

251 3053 554 3143 quasiquibusdam
576 3050 736 3114 coloribus
751 3048 867 3134 pingit,
883 3064 915 3115 et
938 3050 1110 3116 volubilem
1125 3066 1204 3119 tem·

249 3153 340 3242 poris
355 3167 469 3230 rotam,
480 3152 585 3237 jugali
599 3151 738 3236 quodam
754 3173 838 3215 nexu
854 3173 959 3216 rerum
971 3175 1037 3237 qno
1049 3162 1203 3231 teneatur,

249 3254 416 3339 illaqueat,
438 3264 470 3316 et
494 3266 530 3317 ut
552 3273 617 3315 rem
641 3248 988 3334 incomprehensibilem
1010 3250 1134 3338 ingerat
1156 3255 1203 3319 in-

251 3355 404 3436 tellectui,
435 3348 565 3418 eandem
598 3347 783 3415 mirabiliter
809 3372 915 3415 rerum
942 3354 1203 3439 proprietatibus,

253 3458 346 3544 quasi
368 3459 434 3520 suis
448 3455 608 3520 informat.
655 3457 728 3518 Nou
751 3462 808 3532 est,
823 3453 929 3538 inquit
953 3455 1086 3519 verbum
1107 3457 1205 3524 Altis-

253 3559 336 3636 simi,
347 3572 500 3633 vestrum,
511 3579 602 3620 nosse
615 3570 769 3641 tempora,
780 3570 836 3620 aut
852 3555 944 3640 plene
956 3557 1061 3621 sciatis
1075 3561 1204 3644 quando

252 3675 285 3726 et
293 3660 448 3745 quamdiu
457 3658 531 3745 quid
541 3659 698 3723 facturum
709 3657 765 3730 sit;
791 3656 840 3721 vel
851 3671 1021 3739 momenta,
1030 3673 1065 3724 ut
1078 3662 1205 3746 possitis

252 3762 375 3837 modos,
398 3775 430 3826 et
452 3761 620 3824 varietates
642 3781 763 3836 eorum,
788 3783 859 3844 quae
881 3759 993 3823 futura
1015 3776 1098 3839 sunt,
1117 3786 1204 3828 com·

252 3863 458 3949 prehendere.
495 3863 579 3925 Ecce
595 3883 693 3947 quare
709 3860 911 3925 temerarium
928 3860 978 3940 sit,
993 3864 1103 3928 futura
1117 3877 1204 3929 certo

206 4010 219 4031 .
253 3961 568 4049 subjugarejudicio.
615 3963 653 4024 In
670 3964 770 4047 patris
785 3960 942 4047 siquidem
958 3976 1115 4047 potestate
1130 3975 1205 4028 sunt

254 4067 367 4154 posita,
391 4089 452 4130 non
476 4066 507 4130 in
529 4063 713 4129 necessitate
735 4065 908 4128 eveniendi.
954 4068 1054 4129 Porro
1076 4089 1149 4149 quae
1170 4067 1204 4128 in

253 4179 409 4253 potestate
431 4166 534 4252 posita
557 4179 643 4246 sunt,
666 4163 720 4242 sic,
743 4178 775 4229 et
802 4188 864 4229 non
891 4165 945 4242 sic,
972 4189 1039 4227 esse
1060 4179 1202 4248 possunt.

256 4256 341 4334 Nam
357 4291 430 4354 quae
446 4268 477 4330 in
493 4266 687 4345 necessitate,
705 4271 750 4331 sic
765 4289 830 4329 esse
846 4288 970 4330 necesse
986 4279 1042 4327 est.
