3309 5309
459 643 501 700 40
717 653 853 697 sciurus
869 651 1148 697 sannsnnanausrs
1289 634 1371 713 [un.
1391 655 1415 700 r.

462 817 521 885 est,
535 818 566 868 ct
583 804 690 868 caeteri
706 803 826 888 quibus
838 802 1006 867 descensus
1021 805 1059 868 fit
1074 803 1105 866 in
1123 802 1281 866 lasciviam
1297 821 1329 866 et
1344 827 1416 866 cor·

461 907 651 993 ruptionem.
691 905 807 968 Annon
823 905 933 969 recolis
949 906 1104 970 Ciconum
1121 917 1236 968 matres
1251 919 1283 969 et
1299 928 1412 987 nurus,

462 1022 561 1074 totam
584 1007 833 1092 indignationem
857 1030 942 1073 suam
967 1008 998 1070 in
1027 1006 1204 1094 Orpheum,
1227 1008 1284 1092 qui
1310 1031 1414 1072 mares

463 1111 565 1175 modis
587 1111 652 1173 suis
674 1108 932 1184 eliminaverat,
958 1132 1058 1195 usque
1080 1109 1120 1173 ad
1143 1112 1312 1174 Parcarum
1332 1111 1414 1174 invi-

463 1213 546 1276 diam
570 1211 732 1290 effudisse,
747 1209 819 1275 licet
842 1210 895 1274 ille
916 1210 1041 1276 flexerit
1062 1234 1179 1286 manes,
1195 1211 1415 1297 duritiamque

464 1313 551 1378 Ditis
566 1311 728 1390 mollierit,
746 1311 1007 1398 Eurydicemqne
1023 1334 1110 1375 suam
1128 1312 1213 1374 vocis
1227 1311 1341 1395 gratia,
1356 1311 1417 1375 etsi

462 1415 601 1480 infausta
615 1427 699 1478 sorte
714 1415 885 1478 meruerit?
910 1412 1037 1477 Exinde
1052 1413 1236 1499 hujusmodi
1249 1411 1413 1477 hominum

463 1526 605 1599 quastus
620 1514 809 1600 plerumque
824 1512 948 1578 felicem
973 1514 1095 1578 exitum
1112 1537 1173 1577 non
1190 1527 1364 1600 exspectat,
1380 1527 1413 1579 et

463 1616 647 1702 forte,quia

599 1766 626 1818 N
629 1785 660 1819 ou
672 1767 752 1820 habet
763 1773 872 1820 eventus
883 1767 987 1819 sordida
998 1767 1084 1838 praeda
1095 1767 1185 1821 bonos.

461 1914 542 1990 Quae
561 1933 634 1973 vero
653 1922 772 1973 mentes
791 1907 969 1983 emolliunt,
990 1930 1155 1995 moresque
1176 1910 1378 1990 subvertunt,
1393 1936 1412 1975 a

461 2024 570 2077 nostra
592 2023 686 2074 aetate
708 2009 851 2092 undique
873 2009 1104 2086 adsciscuntur,
1128 2010 1200 2074 licet
1223 2010 1291 2097 ipsa
1315 2012 1412 2090 ultra,

461 2134 557 2198 quam
582 2111 657 2174 satis
679 2123 737 2186 est,
761 2109 847 2172 vitiis
873 2109 938 2173 suis
963 2109 1115 2174 abundet.
1163 2111 1194 2174 Si
1218 2133 1411 2197 quemquam

462 2235 570 2277 eorum
588 2211 642 2298 qui
658 2211 876 2275 vehementius
895 2212 945 2273 his
961 2211 1120 2286 insistunt,
1136 2236 1265 2297 gravem
1284 2215 1414 2292 videris,

462 2315 488 2376 si
510 2314 701 2386 modestum,
726 2313 752 2375 si
782 2312 945 2398 pudicum,
969 2313 1045 2377 viris
1068 2312 1204 2378 fortibus
1230 2328 1412 2380 nostrorum

463 2429 641 2499 temporum
666 2415 768 2500 ipsum
789 2436 1016 2478 connumerare
1033 2415 1218 2478 memineris.
1263 2417 1415 2493 Quando-

462 2516 592 2604 quidem
619 2515 685 2580 haec
708 2539 779 2581 rara
803 2516 871 2579 avis
896 2529 953 2580 est.
1002 2514 1137 2579 Proinde
1162 2516 1292 2602 quidam
1321 2540 1413 2582 vene-

462 2619 570 2683 rabilis
592 2619 651 2698 vir,
669 2617 792 2683 circiter
813 2619 1084 2704 septingentarum
1106 2618 1288 2682 monialium
1310 2608 1414 2706 pater,

460 2721 541 2784 hanc
567 2720 762 2786 monasteriis
792 2721 858 2784 suis
887 2721 1080 2808 praescripsit
1106 2721 1218 2806 legem,
1245 2735 1280 2785 ut
1306 2723 1413 2787 omnia

461 2844 569 2888 earum
590 2822 722 2904 cantica,
743 2821 842 2887 totius
864 2823 982 2886 melicae
1002 2824 1272 2909 pronunciationis
1291 2839 1412 2891 exuant

460 2924 581 2999 modos,
604 2936 634 2987 et
664 2937 698 2988 ut
722 2924 786 2987 sola
806 2925 998 3011 psalmorum
1021 2940 1051 2989 et
1076 2925 1205 2988 laudum
1231 2927 1293 2989 sint
1316 2926 1413 3010 signi-

458 3027 585 3093 ficativa
602 3026 863 3113 pronunciatione
878 3040 1044 3093 contentae.
1092 3029 1247 3115 Suspecta
1261 3027 1412 3113 equidem

458 3131 520 3196 fuit
541 3140 649 3194 sancto
672 3131 740 3194 viro
761 3130 920 3216 voluptati
941 3144 1077 3216 cognata
1092 3129 1250 3211 mollities,
1265 3154 1302 3192 eo
1322 3131 1411 3214 quod

457 3228 604 3319 voluptas
621 3257 733 3318 parens
756 3233 924 3298 libidinum
946 3246 1004 3299 est.
1051 3232 1137 3310 Quid
1154 3232 1239 3317 quod
1256 3232 1323 3296 haec
1338 3234 1410 3317 ipsa

457 3334 714 3419 quotidianorum
741 3337 958 3400 conviviorum
990 3335 1142 3399 malitiam
1173 3335 1279 3407 acuit;
1315 3358 1351 3398 ac
1383 3339 1409 3400 si

460 3456 589 3511 venena,
605 3435 664 3497 nisi
683 3435 823 3499 toxicata
845 3438 919 3516 sint,
935 3459 1046 3499 nocere
1067 3459 1128 3500 non
1153 3440 1297 3522 possint?
1336 3438 1411 3521 lgni

458 3535 608 3623 stipulam
624 3535 752 3616 addere,
763 3537 866 3600 oleum
884 3538 1017 3618 camino,
1027 3553 1206 3624 serpentem
1223 3539 1410 3617 intoxicare,

458 3659 561 3702 nocue
587 3637 747 3700 dementia
770 3640 841 3700 est?
876 3637 966 3700 Licet
991 3660 1095 3700 rerum
1117 3640 1195 3702 vitia
1216 3641 1412 3724 obtegantur

459 3736 530 3803 velo
551 3739 731 3819 verborum,
754 3758 891 3825 quorum
912 3739 1020 3801 eadem
1044 3739 1222 3803 substantia
1244 3749 1302 3816 est,
1321 3739 1413 3804 nulla

459 3839 602 3925 proiecto
624 3839 802 3904 differentia
821 3851 879 3904 est.
924 3838 1008 3912 Quae
1029 3840 1116 3924 apud
1138 3841 1272 3904 Graecos
1294 3863 1412 3926 coepu-

460 3941 586 4005 lationis
601 3952 657 4005 aut
677 3941 920 4026 compotationis
938 3953 1107 4004 censentur
1127 3941 1265 4017 nomine,
1281 3963 1300 4002 a
1320 3942 1413 4006 nobis

460 4042 632 4108 honestiori
643 4041 770 4106 nomine
779 4042 924 4104 convivia
939 4041 1154 4105 nominantur.
1186 4043 1299 4104 Coetus
1314 4039 1413 4124 siqui.

460 4146 531 4210 dem
555 4145 801 4219 conviventium,
824 4166 919 4228 quam
944 4141 1179 4228 coepulantium
1202 4153 1258 4205 aut
1285 4163 1412 4225 compo.

460 4249 595 4316 tantiam
621 4245 828 4313 venerabilior
851 4259 907 4310 est.
954 4244 1110 4308 Convivia
1132 4265 1206 4308 vcro
1229 4266 1331 4307 nonne
1353 4267 1412 4329 per
