3309 5309
254 620 325 666 cnr.
342 602 405 682 1v.]
607 619 861 665 ronrcnarrcns.
1165 607 1206 667 23

360 769 415 832 Qui
426 786 511 822 mores
521 768 653 824 hominum
664 769 801 823 multorum
811 768 878 822 vidit
888 773 916 820 et
925 769 1012 833 urbes,

253 867 348 950 cujus
374 867 575 950 providentia
596 867 694 931 nullis
719 865 826 950 potuit
849 865 975 929 insidiis
997 861 1204 948 supplantari,

254 969 346 1052 cujus
361 968 540 1033 tendiculas
550 990 645 1031 nemo
660 970 800 1032 hostium
816 967 977 1030 indemnis
992 967 1102 1045 erasit,
1113 965 1206 1050 cujus

254 1070 394 1155 denique
409 1070 539 1134 inermis
553 1071 669 1133 militia
686 1070 817 1133 ulterius
840 1071 997 1152 promovit
1020 1070 1205 1132 Graecorum

254 1172 396 1251 gloriam,
411 1193 507 1255 quam
528 1172 616 1233 mille
638 1171 751 1233 ratium
773 1181 892 1233 armata
913 1168 1094 1233 multitudo.
1139 1168 1205 1232 Sed

252 1281 285 1337 et
304 1273 373 1355 ipse
396 1273 491 1356 hujus
512 1272 657 1336 exercitii
672 1271 798 1338 circem
815 1271 926 1336 laudat
942 1283 1115 1347 auctorem,
1132 1292 1204 1355 quaa

253 1373 448 1436 carminibus
463 1385 495 1437 et
508 1374 634 1455 poculis
647 1374 805 1437 humanas
819 1387 944 1437 mentes
959 1374 1077 1438 dicitur
1090 1373 1205 1435 immu-

254 1485 349 1551 tasse,
361 1495 399 1536 eo
415 1473 504 1557 quod
519 1484 584 1537 arte
596 1477 774 1551 verborum,
786 1484 818 1537 et
831 1496 935 1537 rerum
950 1476 1051 1556 gratia
1065 1474 1207 1537 alliceret

255 1584 380 1637 mentes
394 1575 571 1653 bominum,
588 1585 620 1639 et
635 1596 701 1638 suae
717 1576 872 1637 voluntati
886 1577 1066 1639 conformes
1079 1576 1113 1638 in
1128 1596 1206 1638 usus

255 1674 418 1756 quoslibet
447 1675 689 1738 transformaret.
744 1675 869 1737 Graecis
897 1675 1005 1757 itaque
1037 1676 1207 1757 propinata

253 1784 497 1858 suntsuspectaa
508 1797 631 1840 venena
640 1775 826 1859 voluptatis3
840 1774 898 1838 sed
908 1797 946 1839 ea
955 1797 1054 1859 quum
1063 1774 1205 1859 prudens

256 1886 414 1955 gustasset
428 1878 570 1955 Ithacus,
584 1877 689 1940 noluit
703 1879 824 1955 bibere,
836 1898 876 1940 ne
892 1879 952 1940 sub
966 1877 1095 1941 domina
1107 1898 1206 1941 mere·

253 1978 332 2040 trice
349 1979 450 2060 turpis
472 1990 505 2041 et
526 2000 641 2042 excors
655 1980 761 2041 vivere
776 1989 951 2059 cogeretur.
995 1981 1113 2042 Verum
1131 1978 1208 2063 quia

253 2081 412 2163 sapientia
425 2101 530 2144 rerum
545 2080 688 2144 omnium
704 2082 795 2145 norit
809 2102 915 2156 usum,
930 2079 1070 2163 providit
1082 2081 1130 2143 vir
1144 2082 1205 2144 cir·

253 2193 471 2265 cumspectus,
487 2182 586 2245 finitis
608 2183 772 2246 laboribus
787 2194 821 2248 et
834 2183 1004 2263 erroribus,
1019 2205 1116 2268 quum
1132 2206 1205 2248 eum

254 2283 370 2367 pudica
384 2286 558 2369 Penelope,
574 2297 607 2348 et
620 2287 754 2349 affectus
769 2286 955 2349 Telemachi
970 2308 1037 2349 non
1052 2307 1205 2368 agnosce·

253 2394 302 2458 ret
329 2397 547 2464 revertentem,
576 2385 739 2470 quomodo
778 2386 895 2450 damna
925 2388 1096 2466 sociorum,
1125 2409 1206 2473 quos

255 2489 336 2553 tanti
349 2489 439 2552 exilii
463 2488 665 2573 dispendium
681 2491 807 2563 tulerat,
822 2491 958 2554 Graeciae
974 2503 1205 2573 compensaret.

174 2665 180 2677 ¹
255 2588 451 2653 Admiranda
465 2591 565 2653 suerat
579 2589 661 2653 fides
677 2590 777 2663 canis,
791 2589 843 2652 cui
858 2589 917 2651 soli
928 2591 962 2651 in
979 2601 1066 2653 tauta
1077 2591 1206 2669 familia,

252 2712 313 2754 uec
342 2692 456 2772 viginti
486 2713 639 2755 annorum
668 2691 837 2768 cunicula,
861 2692 1043 2754 memoriam
1074 2689 1205 2771 domini,

251 2791 330 2874 quin
352 2791 495 2856 redeunti
519 2792 739 2876 applauderet,
762 2792 972 2872 abstulerunt,
988 2792 1052 2854 nisi
1073 2791 1113 2855 de
1135 2792 1205 2877 ejus

253 2892 359 2970 laude,
380 2895 516 2956 canibus
539 2904 723 2957 venatorum
750 2895 852 2975 gratia
877 2894 1007 2956 ulterius
1031 2895 1205 2957 resultaret

254 2992 342 3053 Nori
352 3005 458 3054 tamen
470 2992 570 3055 studii
585 2993 817 3055 Telemachum
829 3013 922 3054 suum
933 2994 1037 3054 vivere
1053 2994 1206 3076 praecepit

253 3102 430 3174 expertem,
444 3092 508 3154 illis
531 3093 608 3154 solis
631 3092 744 3154 dicens
766 3093 863 3155 allata
884 3112 955 3153 esse
976 3113 1069 3154 novae
1092 3095 1205 3177 volup·

254 3193 329 3256 tatis
359 3192 483 3269 solatia,
513 3192 569 3276 qui
598 3193 724 3254 amissis
753 3193 938 3275 parentibus
966 3192 1098 3276 Trojaui
1127 3196 1205 3259 belli

253 3295 371 3358 damna
386 3295 547 3357 sentirent.
593 3293 690 3358 Unde
712 3305 745 3356 et
765 3302 864 3356 artem
884 3295 1111 3358 infructuosam
1134 3318 1203 3361 esse

253 3395 404 3478 conjicio,
414 3415 511 3478 quam
527 3396 567 3457 ab
584 3395 679 3457 unico
690 3394 757 3457 filio
769 3405 875 3458 tantus
886 3395 932 3457 vir
942 3394 1064 3459 studuit
1073 3417 1204 3480 seques·

252 3509 345 3561 trare.
390 3496 487 3569 Quod
500 3498 551 3561 vel
567 3518 610 3560 ex
632 3519 670 3559 eo
684 3518 811 3561 mecum
825 3496 991 3581 conjicies,
1006 3496 1094 3582 quod
1116 3499 1205 3564 dete·

251 3600 315 3662 rior
340 3620 438 3662 sexus
459 3599 494 3661 in
519 3598 625 3662 avium
647 3599 814 3662 venatione
839 3598 945 3680 potior
970 3610 1029 3662 est.
1073 3603 1112 3664 In
1139 3624 1203 3687 quo

251 3713 376 3782 poteras
398 3713 544 3762 naturam
567 3719 706 3781 arguere,
728 3700 789 3763 uisi
811 3719 928 3762 nosces
951 3701 1027 3784 quia
1048 3701 1204 3770 deteriora

250 3822 378 3884 semper
390 3801 540 3883 proniora
555 3811 629 3863 sunt
643 3798 685 3862 ad
699 3800 853 3883 rapinam.
898 3801 1008 3864 Inanis
1023 3804 1139 3867 etenim
1155 3817 1205 3870 est

251 3914 286 3967 et
311 3902 481 3967 admodum
510 3904 680 3978 laboriosa,
707 3910 739 3966 et
764 3923 837 3984 quae
863 3901 980 3967 damna
1008 3920 1203 3989 sumptuum,

251 4026 416 4089 nunquam
446 4027 653 4068 successuum
692 4005 825 4068 utilitate
855 4016 1053 4088 compenset.
1112 4009 1203 4072 Licet

250 4108 378 4190 plurimi
400 4108 599 4170 renationem
626 4117 807 4181 exerceant,
831 4116 867 4170 ut
891 4109 951 4170 sub
979 4128 1018 4169 eo
1044 4121 1202 4191 praetextu

250 4219 397 4290 sumptus
426 4208 544 4280 faciant
573 4208 743 4291 parciores,
770 4207 858 4270 domi
887 4208 994 4282 rarius,
1022 4207 1138 4287 saepius
1168 4209 1200 4269 in
