3309 5309
435 657 576 702 CAP.
610 646 760 724 v11.]
1114 663 1621 708 POLYCRATICUS.
2211 656 2337 712 ‘243

432 812 729 896 Denique
772 835 961 897 quem
1010 813 1422 898 superborum
1477 814 1686 898 legisti
1740 839 2001 901 regnare
2054 815 2337 880 diutius?

430 913 677 976 Eorum
709 934 982 997 namque
1006 913 1114 998 qui
1139 935 1253 997 per
1276 913 1630 997 superbiam
1658 916 2045 996 ceciderunt,
2069 915 2335 979 historia

424 1012 680 1097 copiosa
708 1027 822 1076 est.
915 1013 1050 1076 Nec
1092 1026 1302 1077 tamen
1334 1025 1596 1078 eatenus
1639 1017 2002 1101 superbiam
2048 1020 2227 1091 vitet,
2262 1030 2333 1080 ut

428 1113 668 1179 incidat
698 1113 762 1177 in
794 1128 1258 1199 contemptum:
1306 1116 1458 1198 quia
1489 1116 1649 1180 sicut
1683 1119 1893 1195 elati0,
1916 1118 2006 1182 ita
2036 1131 2098 1180 et
2130 1118 2337 1201 abjec-

425 1215 517 1280 tio
546 1215 923 1279 declinanda
952 1230 1065 1279 est.
1156 1215 1350 1278 Unde
1379 1229 1442 1279 et
1474 1220 1536 1279 in
1570 1218 1721 1301 jure
1754 1220 2046 1282 Romano
2075 1232 2332 1283 cautum

429 1327 548 1392 est,
580 1329 654 1379 ut
695 1318 808 1400 qui
846 1317 958 1401 jus
989 1315 1222 1394 reddit,
1251 1338 1316 1378 se
1361 1316 1618 1400 quidem
1655 1319 1719 1379 in
1766 1319 2062 1381 adeundo
2092 1318 2333 1382 facilem

421 1416 729 1502 praebeat,
781 1417 1096 1480 contemni
1158 1430 1363 1480 tamen
1428 1440 1552 1479 non
1605 1419 1907 1502 patiatur.
1998 1419 2325 1482 Mandatis

425 1538 685 1601 quoque
713 1515 1033 1601 adjicitur,
1064 1537 1140 1578 ne
1173 1515 1483 1579 Praesides
1513 1517 1979 1600 provinciarum
2013 1518 2074 1581 in
2116 1518 2329 1582 ulteri-

422 1639 596 1680 orem
641 1616 1134 1680 familiaritatem
1180 1617 1598 1702 provinciales
1641 1619 2004 1699 admittant,
2034 1643 2108 1683 eo
2153 1620 2327 1705 quod

424 1741 503 1782 ex
536 1719 1009 1782 conversatione
1047 1718 1274 1802 aequali
1305 1720 1693 1805 contemptio
1737 1721 2062 1784 nascitur.-
2126 1722 2328 1783 Vene-

422 1828 602 1882 retur
645 1841 798 1904 ergo
825 1819 887 1881 in
938 1819 1192 1904 publico
1224 1820 1447 1905 populi
1492 1823 1906 1907 majestatem,
1939 1836 2002 1886 et
2047 1822 2215 1907 apud
2266 1845 2330 1884 se

427 1922 698 2007 privatae
748 1921 1125 1985 conditionis
1175 1935 1415 1986 statum
1470 1923 1712 2007 pariter
1764 1923 2089 1987 metiatur.
2184 1927 2329 1987 Hoc

426 2024 633 2106 ipsum
667 2020 948 2104 antiquis
978 2020 1504 2106 Philosophorum
1539 2023 1937 2086 documentis
1966 2022 2324 2086 faciendum

424 2143 708 2206 agnosce.
788 2120 886 2183 Ad
920 2120 1378 2205 Philosophum
1416 2123 1734 2197 Taurum,
1767 2123 2049 2187 Athenas
2082 2122 2322 2186 visendi

424 2220 971 2303 cognoscendique
1021 2221 1159 2304 ejus
1203 2220 1428 2303 gratia,
1477 2234 1787 2284 venerunt
1836 2223 2069 2306 pariter
2116 2225 2327 2287 Cretae

426 2319 770 2404 provinciae
793 2341 1044 2405 praeseS,
1070 2332 1132 2384 et
1164 2333 1346 2404 pater
1375 2320 1534 2406 ejus,
1560 2320 1667 2383 sed
1694 2322 2000 2405 privatus,
2067 2323 2325 2386 Taurus

425 2420 824 2483 venientibus
840 2420 1087 2503 placide
1105 2421 1472 2498 assurrexit,
1493 2421 1852 2506 reseditque
1872 2436 2014 2506 post¹
2036 2436 2324 2486 mutuam

422 2519 889 2582 salutationem.
994 2519 1213 2582 Allata
1270 2532 1363 2581 est
1424 2541 1571 2580 mox
1634 2542 1761 2580 una
1822 2521 1994 2598 sella,
2056 2545 2201 2604 quae
2261 2523 2324 2584 in

419 2633 723 2704 promptu
755 2631 913 2695 erat,
945 2629 1007 2680 et
1040 2607 1195 2680 du'm
1227 2616 1367 2679 aliae
1397 2616 1856 2700 promebantur
1886 2619 2177 2701 apposita
2208 2633 2320 2681 est.

422 2718 729 2785 Invitavit
778 2742 930 2801 ergo
985 2720 1246 2780 Taurus
1292 2728 1535 2799 patrem
1590 2715 1878 2800 praesidis
1932 2731 2003 2779 ut
2058 2721 2321 2782 sederet.

417 2821 515 2882 At
544 2817 673 2892 ille,
710 2818 937 2880 Sedeat
978 2817 1081 2878 hic
1121 2814 1336 2900 potius
1374 2818 1485 2898 qui
1514 2814 1739 2898 populi
1781 2817 2055 2878 Romani
2098 2819 2325 2901 magis-

415 2931 625 2982 tratus
683 2930 797 2982 est.
890 2916 1155 3000 Absque
1213 2915 1608 3000 praejudicio,
1663 2915 1874 2999 inquit
1928 2915 2203 2996 TauruS,
2250 2935 2319 2981 tu

411 3020 657 3084 interea
687 3019 855 3095 sede,
873 3018 1028 3079 dum
1061 3015 1479 3100 conspicimus
1498 3016 1976 3100 quaerimusque
1999 3017 2156 3100 quid
2179 3040 2324 3080 con-

412 3122 648 3198 veniat,
679 3129 818 3182 tene
847 3116 1063 3202 potius
1092 3116 1310 3178 sedere
1340 3116 1449 3201 qui
1483 3128 1663 3201 pater
1693 3139 1797 3189 es3
1862 3139 1941 3178 an
1974 3117 2175 3178 filium
2208 3120 2320 3201 qui

407 3221 577 3307 gerit
608 3217 880 3284 Romani
906 3217 1127 3302 populi
1157 3215 1646 3300 magistratum?
1696 3217 1909 3291 Quum
1942 3229 2123 3299 pater
2154 3239 2317 3280 asse-

408 3321 631 3396 disset,
679 3317 1170 3404 appositumque
1221 3327 1383 3379 esset
1433 3315 1608 3378 aliud
1671 3315 1825 3395 filio,
1879 3339 2067 3401 super
2125 3340 2198 3379 ea
2252 3321 2319 3382 r'e

324 3466 334 3473 ν
413 3425 677 3488 Taurus
736 3420 855 3498 his,
916 3420 1026 3503 qui
1099 3429 1541 3494 convenerant,
1602 3416 1867 3479 verbum
1938 3418 2109 3492 fecit,
2172 3441 2315 3482 cum

411 3545 660 3590 summa
687 3521 861 3600 boni,
892 3521 1086 3604 aequi,
1113 3519 1423 3581 bonorum
1447 3530 1643 3603 atque
1673 3517 2019 3580 officiorum
2053 3530 2320 3604 perpen-

411 3622 672 3688 satione.
763 3623 1006 3683 Eorum
1055 3618 1395 3681 verborum
1445 3614 1755 3680 sententia
1807 3617 1943 3678 haec
1990 3617 2121 3678 fere
2169 3620 2316 3682 fuit.

409 3728 487 3788 In
519 3719 793 3807 publicis
838 3719 1012 3796 lociS,
1041 3731 1234 3802 atque
1275 3716 1646 3780 muneribus
1691 3729 1945 3800 patrum
1984 3717 2138 3801 jura
2168 3741 2314 3782 cum

410 3824 683 3888 filiorum
706 3821 820 3906 qui
841 3825 904 3885 in
923 3818 1301 3902 magistratu
1321 3830 1435 3881 aut
1455 3817 1883 3901 potestatibus
1902 3832 2049 3882 sunt
2070 3817 2319 3897 collata,

404 3924 890 4008 interquiescere
919 3932 985 3984 et
1013 3920 1276 4005 paulum
1309 3922 1661 3983 connivere.
1741 3920 1865 3982 Sed
1898 3942 2097 4003 quum
2128 3933 2313 3983 extra

410 4024 862 4110 rempublicam
925 4023 987 4086 in
1051 4021 1483 4099 domesticare,
1542 4035 1738 4105 atque
1806 4021 1937 4086 vita
1995 4022 2313 4092 sedeatur,

404 4126 789 4201 ambuletur,
820 4126 886 4188 in
918 4124 1206 4188 convivio
1236 4145 1495 4208 quoque
1527 4123 1963 4187 discumbatur
1991 4118 2311 4192 familiari,

405 4239 556 4293 tunc
599 4227 766 4289 inter
811 4225 1006 4289 fllium
1054 4227 1518 4308 magistratum,
1564 4235 1627 4285 et
1673 4235 1917 4306 patrem
1962 4220 2313 4303 privatum,

1308 4332 1420 4386 ΒΞ
