<?xml version="1.0" encoding="UTF-8"?>
<!DOCTYPE html PUBLIC "-//W3C//DTD XHTML 1.0 Transitional//EN"
    "http://www.w3.org/TR/xhtml1/DTD/xhtml1-transitional.dtd">
<html xmlns="http://www.w3.org/1999/xhtml" xml:lang="en" lang="en">
 <head>
  <title>
</title>
<meta http-equiv="Content-Type" content="text/html;charset=utf-8" />
  <meta name='ocr-system' content='tesseract 3.04.00' />
  <meta name='ocr-capabilities' content='ocr_page ocr_carea ocr_par ocr_line ocrx_word'/>
</head>
<body>
  <div class='ocr_page' id='page_1' title='image "./joannissaresber04johngoog_0352.png"; bbox 0 0 3309 5309; ppageno 0'>
   <div class='ocr_carea' id='block_1_1' title="bbox 356 625 1308 704">
    <p class='ocr_par' dir='ltr' id='par_1_1' title="bbox 356 625 1308 704">
     <span class='ocr_line' id='line_1_1' title="bbox 356 625 1308 704; baseline -0.003 -11"><span class='ocrx_word' id='word_1_1' title='bbox 356 634 417 695; x_wconf 78' lang='grc'><strong>336</strong></span> <span class='ocrx_word' id='word_1_2' title='bbox 604 642 739 687; x_wconf 79' lang='lat' dir='ltr'><strong>maurus</strong></span> <span class='ocrx_word' id='word_1_3' title='bbox 757 637 1037 685; x_wconf 80' lang='lat' dir='ltr'><strong>saaasssmsusrs</strong></span> <span class='ocrx_word' id='word_1_4' title='bbox 1179 625 1261 704; x_wconf 78' lang='lat' dir='ltr'><strong>[trs.</strong></span> <span class='ocrx_word' id='word_1_5' title='bbox 1278 640 1308 690; x_wconf 64' lang='lat' dir='ltr'><strong>v,</strong></span> 
     </span>
    </p>
   </div>
   <div class='ocr_carea' id='block_1_2' title="bbox 348 791 1310 4290">
    <p class='ocr_par' dir='ltr' id='par_1_2' title="bbox 348 791 1310 4290">
     <span class='ocr_line' id='line_1_2' title="bbox 358 791 1310 878; baseline -0.004 -15"><span class='ocrx_word' id='word_1_6' title='bbox 358 803 492 871; x_wconf 79' lang='lat' dir='ltr'><strong>levatus,</strong></span> <span class='ocrx_word' id='word_1_7' title='bbox 518 795 600 878; x_wconf 86' lang='lat' dir='ltr'><strong>pede</strong></span> <span class='ocrx_word' id='word_1_8' title='bbox 632 794 664 855; x_wconf 90' lang='lat' dir='ltr'><strong>in</strong></span> <span class='ocrx_word' id='word_1_9' title='bbox 692 792 840 856; x_wconf 85' lang='lat' dir='ltr'><strong>manibus</strong></span> <span class='ocrx_word' id='word_1_10' title='bbox 870 791 950 853; x_wconf 91' lang='lat' dir='ltr'><strong>meis</strong></span> <span class='ocrx_word' id='word_1_11' title='bbox 978 792 1095 874; x_wconf 90' lang='lat' dir='ltr'><strong>posito,</strong></span> <span class='ocrx_word' id='word_1_12' title='bbox 1125 794 1251 859; x_wconf 88' lang='lat' dir='ltr'><strong>recubit</strong></span> <span class='ocrx_word' id='word_1_13' title='bbox 1279 805 1310 859; x_wconf 87' lang='lat' dir='ltr'><strong>et</strong></span> 
     </span>
     <span class='ocr_line' id='line_1_3' title="bbox 356 893 1310 984; baseline -0.004 -21"><span class='ocrx_word' id='word_1_14' title='bbox 356 901 487 984; x_wconf 78' lang='lat' dir='ltr'><strong>quievit,</strong></span> <span class='ocrx_word' id='word_1_15' title='bbox 504 908 596 980; x_wconf 88' lang='lat' dir='ltr'><strong>atque</strong></span> <span class='ocrx_word' id='word_1_16' title='bbox 613 917 654 959; x_wconf 84' lang='lat' dir='ltr'><strong>ex</strong></span> <span class='ocrx_word' id='word_1_17' title='bbox 676 917 714 958; x_wconf 93' lang='lat' dir='ltr'><strong>eo</strong></span> <span class='ocrx_word' id='word_1_18' title='bbox 736 894 789 957; x_wconf 89' lang='lat' dir='ltr'><strong>die</strong></span> <span class='ocrx_word' id='word_1_19' title='bbox 808 903 910 956; x_wconf 89' lang='lat' dir='ltr'><strong>totum</strong></span> <span class='ocrx_word' id='word_1_20' title='bbox 932 893 1104 956; x_wconf 93' lang='lat' dir='ltr'><strong>trienninm</strong></span> <span class='ocrx_word' id='word_1_21' title='bbox 1129 916 1192 976; x_wconf 84' lang='lat' dir='ltr'><strong>ago</strong></span> <span class='ocrx_word' id='word_1_22' title='bbox 1212 905 1247 959; x_wconf 93' lang='lat' dir='ltr'><strong>et</strong></span> <span class='ocrx_word' id='word_1_23' title='bbox 1260 899 1310 959; x_wconf 86' lang='lat' dir='ltr'><strong>leo</strong></span> 
     </span>
     <span class='ocr_line' id='line_1_4' title="bbox 355 993 1308 1081; baseline -0.004 -17"><span class='ocrx_word' id='word_1_24' title='bbox 355 1003 389 1064; x_wconf 91' lang='lat' dir='ltr'><strong>in</strong></span> <span class='ocrx_word' id='word_1_25' title='bbox 411 1000 523 1063; x_wconf 89' lang='lat' dir='ltr'><strong>eodem</strong></span> <span class='ocrx_word' id='word_1_26' title='bbox 543 1018 653 1081; x_wconf 85' lang='lat' dir='ltr'>specu,</span> <span class='ocrx_word' id='word_1_27' title='bbox 673 995 851 1078; x_wconf 87' lang='lat' dir='ltr'><strong>eodemque</strong></span> <span class='ocrx_word' id='word_1_28' title='bbox 872 993 958 1056; x_wconf 88' lang='lat' dir='ltr'><strong>victu</strong></span> <span class='ocrx_word' id='word_1_29' title='bbox 979 995 1130 1059; x_wconf 82' lang='lat' dir='ltr'><strong>viximus.</strong></span> <span class='ocrx_word' id='word_1_30' title='bbox 1175 998 1260 1059; x_wconf 87' lang='lat' dir='ltr'><strong>Nam</strong></span> <span class='ocrx_word' id='word_1_31' title='bbox 1281 997 1308 1060; x_wconf 93' lang='lat' dir='ltr'><strong>si</strong></span> 
     </span>
     <span class='ocr_line' id='line_1_5' title="bbox 356 1094 1309 1186; baseline -0.006 -21"><span class='ocrx_word' id='word_1_32' title='bbox 356 1123 436 1186; x_wconf 92' lang='lat' dir='ltr'><strong>quas</strong></span> <span class='ocrx_word' id='word_1_33' title='bbox 458 1100 631 1163; x_wconf 85' lang='lat' dir='ltr'><strong>venabatur</strong></span> <span class='ocrx_word' id='word_1_34' title='bbox 652 1097 747 1172; x_wconf 86' lang='lat' dir='ltr'><strong>feras,</strong></span> <span class='ocrx_word' id='word_1_35' title='bbox 767 1096 909 1158; x_wconf 91' lang='lat' dir='ltr'><strong>membra</strong></span> <span class='ocrx_word' id='word_1_36' title='bbox 931 1094 1090 1177; x_wconf 84' lang='lat' dir='ltr'>opimiora</span> <span class='ocrx_word' id='word_1_37' title='bbox 1112 1095 1153 1160; x_wconf 88' lang='lat' dir='ltr'><strong>ad</strong></span> <span class='ocrx_word' id='word_1_38' title='bbox 1177 1119 1309 1181; x_wconf 84' lang='lat' dir='ltr'><strong>specum</strong></span> 
     </span>
     <span class='ocr_line' id='line_1_6' title="bbox 356 1195 1310 1284; baseline -0.004 -19"><span class='ocrx_word' id='word_1_39' title='bbox 356 1202 556 1284; x_wconf 78' lang='lat' dir='ltr'><strong>suggerebat,</strong></span> <span class='ocrx_word' id='word_1_40' title='bbox 572 1220 644 1282; x_wconf 85' lang='lat' dir='ltr'><strong>quae</strong></span> <span class='ocrx_word' id='word_1_41' title='bbox 668 1218 740 1277; x_wconf 80' lang='lat' dir='ltr'><strong>cgo,</strong></span> <span class='ocrx_word' id='word_1_42' title='bbox 755 1197 839 1275; x_wconf 89' lang='lat' dir='ltr'><strong>ignis</strong></span> <span class='ocrx_word' id='word_1_43' title='bbox 860 1195 987 1279; x_wconf 90' lang='lat' dir='ltr'><strong>copiam</strong></span> <span class='ocrx_word' id='word_1_44' title='bbox 1009 1217 1075 1259; x_wconf 92' lang='lat' dir='ltr'><strong>non</strong></span> <span class='ocrx_word' id='word_1_45' title='bbox 1096 1198 1232 1275; x_wconf 87' lang='lat' dir='ltr'><strong>habens,</strong></span> <span class='ocrx_word' id='word_1_46' title='bbox 1246 1221 1310 1262; x_wconf 89' lang='lat' dir='ltr'><strong>me·</strong></span> 
     </span>
     <span class='ocr_line' id='line_1_7' title="bbox 354 1295 1307 1381; baseline -0.005 -15"><span class='ocrx_word' id='word_1_47' title='bbox 354 1305 476 1366; x_wconf 88' lang='lat' dir='ltr'><strong>ridiano</strong></span> <span class='ocrx_word' id='word_1_48' title='bbox 492 1303 558 1364; x_wconf 87' lang='lat' dir='ltr'><strong>solo</strong></span> <span class='ocrx_word' id='word_1_49' title='bbox 574 1309 658 1362; x_wconf 86' lang='lat' dir='ltr'><strong>tosta</strong></span> <span class='ocrx_word' id='word_1_50' title='bbox 678 1297 825 1360; x_wconf 87' lang='lat' dir='ltr'><strong>edebam.</strong></span> <span class='ocrx_word' id='word_1_51' title='bbox 872 1295 936 1359; x_wconf 89' lang='lat' dir='ltr'><strong>Sed</strong></span> <span class='ocrx_word' id='word_1_52' title='bbox 954 1297 1009 1359; x_wconf 92' lang='lat' dir='ltr'><strong>ubi</strong></span> <span class='ocrx_word' id='word_1_53' title='bbox 1024 1318 1087 1369; x_wconf 86' lang='lat' dir='ltr'><strong>me,</strong></span> <span class='ocrx_word' id='word_1_54' title='bbox 1106 1297 1223 1381; x_wconf 91' lang='lat' dir='ltr'><strong>inquit,</strong></span> <span class='ocrx_word' id='word_1_55' title='bbox 1238 1299 1307 1362; x_wconf 84' lang='lat' dir='ltr'><strong>vitae</strong></span> 
     </span>
     <span class='ocr_line' id='line_1_8' title="bbox 355 1398 1308 1485; baseline -0.005 -19"><span class='ocrx_word' id='word_1_56' title='bbox 355 1401 439 1466; x_wconf 89' lang='lat' dir='ltr'><strong>illius</strong></span> <span class='ocrx_word' id='word_1_57' title='bbox 462 1402 570 1464; x_wconf 83' lang='lat' dir='ltr'><strong>ferinae</strong></span> <span class='ocrx_word' id='word_1_58' title='bbox 588 1399 657 1485; x_wconf 87' lang='lat' dir='ltr'><strong>jam</strong></span> <span class='ocrx_word' id='word_1_59' title='bbox 677 1408 848 1480; x_wconf 86' lang='lat' dir='ltr'><strong>pertaesum</strong></span> <span class='ocrx_word' id='word_1_60' title='bbox 873 1409 932 1472; x_wconf 91' lang='lat' dir='ltr'><strong>est,</strong></span> <span class='ocrx_word' id='word_1_61' title='bbox 947 1398 1042 1461; x_wconf 90' lang='lat' dir='ltr'><strong>leone</strong></span> <span class='ocrx_word' id='word_1_62' title='bbox 1065 1410 1214 1461; x_wconf 81' lang='lat' dir='ltr'><strong>renatum</strong></span> <span class='ocrx_word' id='word_1_63' title='bbox 1236 1420 1308 1481; x_wconf 92' lang='lat' dir='ltr'><strong>pro-</strong></span> 
     </span>
     <span class='ocr_line' id='line_1_9' title="bbox 354 1499 1307 1585; baseline -0.004 -19"><span class='ocrx_word' id='word_1_64' title='bbox 354 1504 449 1581; x_wconf 82' lang='lat' dir='ltr'><strong>fecto,</strong></span> <span class='ocrx_word' id='word_1_65' title='bbox 461 1502 575 1585; x_wconf 89' lang='lat' dir='ltr'><strong>reliqui</strong></span> <span class='ocrx_word' id='word_1_66' title='bbox 592 1521 735 1583; x_wconf 79' lang='lat' dir='ltr'><strong>specum,</strong></span> <span class='ocrx_word' id='word_1_67' title='bbox 746 1510 778 1562; x_wconf 92' lang='lat' dir='ltr'><strong>et</strong></span> <span class='ocrx_word' id='word_1_68' title='bbox 788 1499 872 1562; x_wconf 90' lang='lat' dir='ltr'><strong>viam</strong></span> <span class='ocrx_word' id='word_1_69' title='bbox 885 1499 981 1562; x_wconf 81' lang='lat' dir='ltr'><strong>ferme</strong></span> <span class='ocrx_word' id='word_1_70' title='bbox 997 1499 1093 1562; x_wconf 90' lang='lat' dir='ltr'><strong>tridui</strong></span> <span class='ocrx_word' id='word_1_71' title='bbox 1109 1521 1307 1583; x_wconf 86' lang='lat' dir='ltr'><strong>permensus,</strong></span> 
     </span>
     <span class='ocr_line' id='line_1_10' title="bbox 354 1602 1307 1685; baseline -0.004 -17"><span class='ocrx_word' id='word_1_72' title='bbox 354 1628 374 1669; x_wconf 90' lang='lat' dir='ltr'><strong>a</strong></span> <span class='ocrx_word' id='word_1_73' title='bbox 396 1605 551 1667; x_wconf 85' lang='lat' dir='ltr'><strong>militibus</strong></span> <span class='ocrx_word' id='word_1_74' title='bbox 577 1605 673 1679; x_wconf 79' lang='lat' dir='ltr'><strong>visus,</strong></span> <span class='ocrx_word' id='word_1_75' title='bbox 695 1602 925 1685; x_wconf 87' lang='lat' dir='ltr'><strong>apprehensus,</strong></span> <span class='ocrx_word' id='word_1_76' title='bbox 948 1610 981 1663; x_wconf 87' lang='lat' dir='ltr'><strong>et</strong></span> <span class='ocrx_word' id='word_1_77' title='bbox 1007 1602 1048 1663; x_wconf 92' lang='lat' dir='ltr'><strong>ad</strong></span> <span class='ocrx_word' id='word_1_78' title='bbox 1073 1602 1240 1664; x_wconf 90' lang='lat' dir='ltr'><strong>dominum</strong></span> <span class='ocrx_word' id='word_1_79' title='bbox 1267 1623 1307 1665; x_wconf 84' lang='lat' dir='ltr'><strong>cx</strong></span> 
     </span>
     <span class='ocr_line' id='line_1_11' title="bbox 355 1702 1306 1787; baseline -0.004 -18"><span class='ocrx_word' id='word_1_80' title='bbox 355 1707 460 1769; x_wconf 77' lang='lat' dir='ltr'><strong>Africa</strong></span> <span class='ocrx_word' id='word_1_81' title='bbox 475 1706 613 1768; x_wconf 83' lang='lat' dir='ltr'><strong>Romam</strong></span> <span class='ocrx_word' id='word_1_82' title='bbox 629 1703 786 1766; x_wconf 90' lang='lat' dir='ltr'><strong>deductus</strong></span> <span class='ocrx_word' id='word_1_83' title='bbox 801 1724 882 1765; x_wconf 85' lang='lat' dir='ltr'><strong>sum.</strong></span> <span class='ocrx_word' id='word_1_84' title='bbox 922 1704 956 1765; x_wconf 92' lang='lat' dir='ltr'><strong>ls</strong></span> <span class='ocrx_word' id='word_1_85' title='bbox 972 1723 1022 1764; x_wconf 88' lang='lat' dir='ltr'><strong>me</strong></span> <span class='ocrx_word' id='word_1_86' title='bbox 1035 1702 1141 1765; x_wconf 89' lang='lat' dir='ltr'><strong>statim</strong></span> <span class='ocrx_word' id='word_1_87' title='bbox 1159 1702 1205 1764; x_wconf 89' lang='lat' dir='ltr'><strong>rei</strong></span> <span class='ocrx_word' id='word_1_88' title='bbox 1221 1704 1306 1787; x_wconf 85' lang='lat' dir='ltr'><strong>capi-</strong></span> 
     </span>
     <span class='ocr_line' id='line_1_12' title="bbox 355 1798 1305 1883; baseline -0.004 -15"><span class='ocrx_word' id='word_1_89' title='bbox 355 1805 431 1868; x_wconf 89' lang='lat' dir='ltr'><strong>talis</strong></span> <span class='ocrx_word' id='word_1_90' title='bbox 445 1803 673 1878; x_wconf 89' lang='lat' dir='ltr'><strong>damnandum,</strong></span> <span class='ocrx_word' id='word_1_91' title='bbox 688 1798 893 1883; x_wconf 87' lang='lat' dir='ltr'><strong>dandumque</strong></span> <span class='ocrx_word' id='word_1_92' title='bbox 913 1800 953 1864; x_wconf 91' lang='lat' dir='ltr'><strong>ad</strong></span> <span class='ocrx_word' id='word_1_93' title='bbox 976 1800 1095 1862; x_wconf 84' lang='lat' dir='ltr'><strong>bestias</strong></span> <span class='ocrx_word' id='word_1_94' title='bbox 1118 1803 1305 1882; x_wconf 82' lang='lat' dir='ltr'><strong>procuravit.</strong></span> 
     </span>
     <span class='ocr_line' id='line_1_13' title="bbox 356 1902 1310 1985; baseline -0.003 -17"><span class='ocrx_word' id='word_1_95' title='bbox 356 1906 508 1985; x_wconf 85' lang='lat' dir='ltr'><strong>Intelligo</strong></span> <span class='ocrx_word' id='word_1_96' title='bbox 532 1915 637 1965; x_wconf 90' lang='lat' dir='ltr'><strong>autom</strong></span> <span class='ocrx_word' id='word_1_97' title='bbox 662 1902 748 1963; x_wconf 91' lang='lat' dir='ltr'><strong>bunc</strong></span> <span class='ocrx_word' id='word_1_98' title='bbox 774 1922 901 1984; x_wconf 88' lang='lat' dir='ltr'><strong>quoquo</strong></span> <span class='ocrx_word' id='word_1_99' title='bbox 924 1902 1063 1976; x_wconf 89' lang='lat' dir='ltr'><strong>leonem,</strong></span> <span class='ocrx_word' id='word_1_100' title='bbox 1085 1921 1137 1963; x_wconf 91' lang='lat' dir='ltr'><strong>me</strong></span> <span class='ocrx_word' id='word_1_101' title='bbox 1160 1910 1238 1964; x_wconf 88' lang='lat' dir='ltr'><strong>tunc</strong></span> <span class='ocrx_word' id='word_1_102' title='bbox 1262 1924 1310 1965; x_wconf 92' lang='lat' dir='ltr'><strong>se·</strong></span> 
     </span>
     <span class='ocr_line' id='line_1_14' title="bbox 354 1999 1310 2090; baseline -0.002 -22"><span class='ocrx_word' id='word_1_103' title='bbox 354 2016 465 2090; x_wconf 88' lang='lat' dir='ltr'><strong>parato</strong></span> <span class='ocrx_word' id='word_1_104' title='bbox 495 2014 636 2087; x_wconf 87' lang='lat' dir='ltr'><strong>captum,</strong></span> <span class='ocrx_word' id='word_1_105' title='bbox 669 2003 797 2084; x_wconf 75' lang='lat' dir='ltr'><strong>gratiam</strong></span> <span class='ocrx_word' id='word_1_106' title='bbox 828 2022 915 2065; x_wconf 91' lang='lat' dir='ltr'><strong>nunc</strong></span> <span class='ocrx_word' id='word_1_107' title='bbox 945 2000 1101 2065; x_wconf 85' lang='lat' dir='ltr'><strong>beneficii</strong></span> <span class='ocrx_word' id='word_1_108' title='bbox 1133 1999 1250 2066; x_wconf 81' lang='lat' dir='ltr'><strong>referre</strong></span> <span class='ocrx_word' id='word_1_109' title='bbox 1279 2012 1310 2066; x_wconf 86' lang='lat' dir='ltr'><strong>et</strong></span> 
     </span>
     <span class='ocr_line' id='line_1_15' title="bbox 355 2102 1306 2186; baseline -0.002 -18"><span class='ocrx_word' id='word_1_110' title='bbox 355 2104 498 2169; x_wconf 82' lang='lat' dir='ltr'><strong>mcdelae.</strong></span> <span class='ocrx_word' id='word_1_111' title='bbox 549 2104 680 2167; x_wconf 85' lang='lat' dir='ltr'><strong>Solutus</strong></span> <span class='ocrx_word' id='word_1_112' title='bbox 705 2103 812 2186; x_wconf 90' lang='lat' dir='ltr'><strong>itaque</strong></span> <span class='ocrx_word' id='word_1_113' title='bbox 839 2113 886 2165; x_wconf 91' lang='lat' dir='ltr'><strong>est</strong></span> <span class='ocrx_word' id='word_1_114' title='bbox 912 2123 1009 2184; x_wconf 90' lang='lat' dir='ltr'><strong>poena</strong></span> <span class='ocrx_word' id='word_1_115' title='bbox 1034 2102 1250 2181; x_wconf 84' lang='lat' dir='ltr'><strong>Andronicus,</strong></span> <span class='ocrx_word' id='word_1_116' title='bbox 1276 2113 1306 2168; x_wconf 89' lang='lat' dir='ltr'><strong>et</strong></span> 
     </span>
     <span class='ocr_line' id='line_1_16' title="bbox 355 2202 1307 2287; baseline -0.002 -18"><span class='ocrx_word' id='word_1_117' title='bbox 355 2205 462 2269; x_wconf 83' lang='lat' dir='ltr'><strong>eidam</strong></span> <span class='ocrx_word' id='word_1_118' title='bbox 484 2206 536 2268; x_wconf 86' lang='lat' dir='ltr'><strong>leo</strong></span> <span class='ocrx_word' id='word_1_119' title='bbox 556 2205 653 2266; x_wconf 87' lang='lat' dir='ltr'><strong>totins</strong></span> <span class='ocrx_word' id='word_1_120' title='bbox 673 2204 785 2287; x_wconf 91' lang='lat' dir='ltr'><strong>populi</strong></span> <span class='ocrx_word' id='word_1_121' title='bbox 806 2202 959 2281; x_wconf 85' lang='lat' dir='ltr'><strong>suffragio</strong></span> <span class='ocrx_word' id='word_1_122' title='bbox 981 2202 1130 2265; x_wconf 87' lang='lat' dir='ltr'><strong>donatus.</strong></span> <span class='ocrx_word' id='word_1_123' title='bbox 1177 2204 1307 2268; x_wconf 87' lang='lat' dir='ltr'><strong>Exinde</strong></span> 
     </span>
     <span class='ocr_line' id='line_1_17' title="bbox 354 2304 1305 2389; baseline 0.002 -21"><span class='ocrx_word' id='word_1_124' title='bbox 354 2306 566 2369; x_wconf 89' lang='lat' dir='ltr'><strong>amicantibus</strong></span> <span class='ocrx_word' id='word_1_125' title='bbox 591 2304 653 2365; x_wconf 90' lang='lat' dir='ltr'><strong>sibi</strong></span> <span class='ocrx_word' id='word_1_126' title='bbox 676 2304 807 2366; x_wconf 89' lang='lat' dir='ltr'><strong>homine</strong></span> <span class='ocrx_word' id='word_1_127' title='bbox 831 2312 864 2366; x_wconf 90' lang='lat' dir='ltr'><strong>et</strong></span> <span class='ocrx_word' id='word_1_128' title='bbox 888 2305 991 2381; x_wconf 90' lang='lat' dir='ltr'><strong>leone,</strong></span> <span class='ocrx_word' id='word_1_129' title='bbox 1017 2313 1050 2366; x_wconf 88' lang='lat' dir='ltr'><strong>ct</strong></span> <span class='ocrx_word' id='word_1_130' title='bbox 1073 2304 1187 2366; x_wconf 91' lang='lat' dir='ltr'><strong>urbem</strong></span> <span class='ocrx_word' id='word_1_131' title='bbox 1216 2327 1305 2389; x_wconf 86' lang='lat' dir='ltr'><strong>pera·</strong></span> 
     </span>
     <span class='ocr_line' id='line_1_18' title="bbox 354 2403 1305 2486; baseline 0.002 -19"><span class='ocrx_word' id='word_1_132' title='bbox 354 2404 519 2486; x_wconf 87' lang='lat' dir='ltr'><strong>grantibus</strong></span> <span class='ocrx_word' id='word_1_133' title='bbox 541 2413 573 2464; x_wconf 89' lang='lat' dir='ltr'><strong>et</strong></span> <span class='ocrx_word' id='word_1_134' title='bbox 592 2403 873 2481; x_wconf 88' lang='lat' dir='ltr'><strong>circumeuntibus,</strong></span> <span class='ocrx_word' id='word_1_135' title='bbox 895 2403 1047 2467; x_wconf 89' lang='lat' dir='ltr'><strong>dicebaut</strong></span> <span class='ocrx_word' id='word_1_136' title='bbox 1069 2425 1200 2468; x_wconf 87' lang='lat' dir='ltr'><strong>omnes:</strong></span> <span class='ocrx_word' id='word_1_137' title='bbox 1241 2407 1305 2469; x_wconf 92' lang='lat' dir='ltr'><strong>Hic</strong></span> 
     </span>
     <span class='ocr_line' id='line_1_19' title="bbox 354 2501 1305 2586; baseline 0.001 -18"><span class='ocrx_word' id='word_1_138' title='bbox 354 2516 403 2568; x_wconf 86' lang='lat' dir='ltr'><strong>est</strong></span> <span class='ocrx_word' id='word_1_139' title='bbox 416 2505 469 2567; x_wconf 91' lang='lat' dir='ltr'><strong>leo</strong></span> <span class='ocrx_word' id='word_1_140' title='bbox 483 2503 602 2586; x_wconf 90' lang='lat' dir='ltr'><strong>hospes</strong></span> <span class='ocrx_word' id='word_1_141' title='bbox 615 2501 766 2581; x_wconf 89' lang='lat' dir='ltr'><strong>hominis,</strong></span> <span class='ocrx_word' id='word_1_142' title='bbox 782 2503 836 2565; x_wconf 88' lang='lat' dir='ltr'><strong>hic</strong></span> <span class='ocrx_word' id='word_1_143' title='bbox 857 2513 904 2566; x_wconf 87' lang='lat' dir='ltr'><strong>cst</strong></span> <span class='ocrx_word' id='word_1_144' title='bbox 918 2504 1016 2566; x_wconf 91' lang='lat' dir='ltr'><strong>homo</strong></span> <span class='ocrx_word' id='word_1_145' title='bbox 1030 2504 1179 2567; x_wconf 88' lang='lat' dir='ltr'><strong>medicus</strong></span> <span class='ocrx_word' id='word_1_146' title='bbox 1195 2506 1305 2570; x_wconf 90' lang='lat' dir='ltr'><strong>leonis.</strong></span> 
     </span>
     <span class='ocr_line' id='line_1_20' title="bbox 355 2601 1307 2678; baseline 0 -9"><span class='ocrx_word' id='word_1_147' title='bbox 355 2605 537 2678; x_wconf 76' lang='lat' dir='ltr'><strong>Quaeris-nc</strong></span> <span class='ocrx_word' id='word_1_148' title='bbox 551 2604 699 2667; x_wconf 86' lang='lat' dir='ltr'><strong>historias</strong></span> <span class='ocrx_word' id='word_1_149' title='bbox 714 2602 877 2667; x_wconf 85' lang='lat' dir='ltr'><strong>notiores?</strong></span> <span class='ocrx_word' id='word_1_150' title='bbox 905 2603 957 2666; x_wconf 91' lang='lat' dir='ltr'><strong>De</strong></span> <span class='ocrx_word' id='word_1_151' title='bbox 973 2601 1047 2667; x_wconf 93' lang='lat' dir='ltr'><strong>lacu</strong></span> <span class='ocrx_word' id='word_1_152' title='bbox 1061 2605 1192 2668; x_wconf 89' lang='lat' dir='ltr'><strong>leonum</strong></span> <span class='ocrx_word' id='word_1_153' title='bbox 1209 2607 1307 2670; x_wconf 84' lang='lat' dir='ltr'><strong>exivit</strong></span> 
     </span>
     <span class='ocr_line' id='line_1_21' title="bbox 355 2703 1306 2788; baseline 0.001 -20"><span class='ocrx_word' id='word_1_154' title='bbox 355 2706 485 2781; x_wconf 89' lang='lat' dir='ltr'><strong>Daniel,</strong></span> <span class='ocrx_word' id='word_1_155' title='bbox 510 2716 541 2767; x_wconf 87' lang='lat' dir='ltr'><strong>et</strong></span> <span class='ocrx_word' id='word_1_156' title='bbox 567 2703 657 2788; x_wconf 88' lang='lat' dir='ltr'><strong>pueri</strong></span> <span class='ocrx_word' id='word_1_157' title='bbox 684 2703 725 2767; x_wconf 86' lang='lat' dir='ltr'><strong>dc</strong></span> <span class='ocrx_word' id='word_1_158' title='bbox 752 2704 879 2767; x_wconf 89' lang='lat' dir='ltr'><strong>camino</strong></span> <span class='ocrx_word' id='word_1_159' title='bbox 903 2704 987 2785; x_wconf 88' lang='lat' dir='ltr'><strong>ignis</strong></span> <span class='ocrx_word' id='word_1_160' title='bbox 1013 2716 1182 2768; x_wconf 82' lang='lat' dir='ltr'><strong>evaserunt</strong></span> <span class='ocrx_word' id='word_1_161' title='bbox 1207 2707 1306 2771; x_wconf 84' lang='lat' dir='ltr'><strong>illoesi.</strong></span> 
     </span>
     <span class='ocr_line' id='line_1_22' title="bbox 354 2805 1306 2889; baseline -0.002 -18"><span class='ocrx_word' id='word_1_162' title='bbox 354 2809 399 2871; x_wconf 85' lang='lat' dir='ltr'><strong>Et</strong></span> <span class='ocrx_word' id='word_1_163' title='bbox 417 2806 502 2889; x_wconf 89' lang='lat' dir='ltr'><strong>apud</strong></span> <span class='ocrx_word' id='word_1_164' title='bbox 523 2826 634 2869; x_wconf 90' lang='lat' dir='ltr'><strong>omues</strong></span> <span class='ocrx_word' id='word_1_165' title='bbox 654 2816 767 2885; x_wconf 85' lang='lat' dir='ltr'><strong>gentes</strong></span> <span class='ocrx_word' id='word_1_166' title='bbox 789 2826 831 2867; x_wconf 85' lang='lat' dir='ltr'><strong>ex</strong></span> <span class='ocrx_word' id='word_1_167' title='bbox 849 2805 959 2887; x_wconf 88' lang='lat' dir='ltr'><strong>gratia,</strong></span> <span class='ocrx_word' id='word_1_168' title='bbox 977 2815 1094 2888; x_wconf 83' lang='lat' dir='ltr'><strong>praeter</strong></span> <span class='ocrx_word' id='word_1_169' title='bbox 1112 2807 1306 2889; x_wconf 91' lang='lat' dir='ltr'><strong>opinionem,</strong></span> 
     </span>
     <span class='ocr_line' id='line_1_23' title="bbox 353 2905 1305 2988; baseline -0.003 -16"><span class='ocrx_word' id='word_1_170' title='bbox 353 2909 394 2972; x_wconf 86' lang='lat' dir='ltr'><strong>ab</strong></span> <span class='ocrx_word' id='word_1_171' title='bbox 409 2906 648 2970; x_wconf 87' lang='lat' dir='ltr'><strong>imminentibus</strong></span> <span class='ocrx_word' id='word_1_172' title='bbox 670 2906 761 2968; x_wconf 90' lang='lat' dir='ltr'><strong>malis</strong></span> <span class='ocrx_word' id='word_1_173' title='bbox 781 2905 905 2968; x_wconf 89' lang='lat' dir='ltr'><strong>liberati</strong></span> <span class='ocrx_word' id='word_1_174' title='bbox 927 2915 1003 2968; x_wconf 91' lang='lat' dir='ltr'><strong>sunt</strong></span> <span class='ocrx_word' id='word_1_175' title='bbox 1024 2906 1166 2988; x_wconf 89' lang='lat' dir='ltr'><strong>plurimi.</strong></span> <span class='ocrx_word' id='word_1_176' title='bbox 1211 2907 1305 2971; x_wconf 88' lang='lat' dir='ltr'><strong>Unde</strong></span> 
     </span>
     <span class='ocr_line' id='line_1_24' title="bbox 354 3003 1303 3087; baseline -0.001 -16"><span class='ocrx_word' id='word_1_177' title='bbox 354 3009 462 3071; x_wconf 89' lang='lat' dir='ltr'><strong>nullus</strong></span> <span class='ocrx_word' id='word_1_178' title='bbox 487 3027 607 3080; x_wconf 83' lang='lat' dir='ltr'><strong>eorum,</strong></span> <span class='ocrx_word' id='word_1_179' title='bbox 630 3003 684 3086; x_wconf 91' lang='lat' dir='ltr'><strong>qui</strong></span> <span class='ocrx_word' id='word_1_180' title='bbox 712 3025 826 3067; x_wconf 88' lang='lat' dir='ltr'><strong>manus</strong></span> <span class='ocrx_word' id='word_1_181' title='bbox 848 3003 1026 3087; x_wconf 89' lang='lat' dir='ltr'><strong>injecerunt</strong></span> <span class='ocrx_word' id='word_1_182' title='bbox 1052 3005 1126 3083; x_wconf 87' lang='lat' dir='ltr'><strong>sibi,</strong></span> <span class='ocrx_word' id='word_1_183' title='bbox 1149 3008 1228 3070; x_wconf 90' lang='lat' dir='ltr'><strong>satis</strong></span> <span class='ocrx_word' id='word_1_184' title='bbox 1251 3029 1303 3070; x_wconf 88' lang='lat' dir='ltr'><strong>ex-</strong></span> 
     </span>
     <span class='ocr_line' id='line_1_25' title="bbox 353 3104 1307 3188; baseline 0.001 -18"><span class='ocrx_word' id='word_1_185' title='bbox 353 3117 482 3170; x_wconf 83' lang='lat' dir='ltr'><strong>cusatus</strong></span> <span class='ocrx_word' id='word_1_186' title='bbox 497 3117 545 3169; x_wconf 86' lang='lat' dir='ltr'><strong>est</strong></span> <span class='ocrx_word' id='word_1_187' title='bbox 559 3105 649 3180; x_wconf 92' lang='lat' dir='ltr'><strong>mihi,</strong></span> <span class='ocrx_word' id='word_1_188' title='bbox 670 3104 746 3167; x_wconf 91' lang='lat' dir='ltr'><strong>licet</strong></span> <span class='ocrx_word' id='word_1_189' title='bbox 759 3106 883 3185; x_wconf 88' lang='lat' dir='ltr'><strong>magnis</strong></span> <span class='ocrx_word' id='word_1_190' title='bbox 895 3106 1068 3188; x_wconf 79' lang='lat' dir='ltr'><strong>praeconiis</strong></span> <span class='ocrx_word' id='word_1_191' title='bbox 1090 3108 1307 3171; x_wconf 88' lang='lat' dir='ltr'><strong>ecclesiastica</strong></span> 
     </span>
     <span class='ocr_line' id='line_1_26' title="bbox 352 3205 1306 3290; baseline 0.001 -21"><span class='ocrx_word' id='word_1_192' title='bbox 352 3207 483 3269; x_wconf 90' lang='lat' dir='ltr'><strong>historia</strong></span> <span class='ocrx_word' id='word_1_193' title='bbox 512 3205 637 3288; x_wconf 88' lang='lat' dir='ltr'><strong>aliquos</strong></span> <span class='ocrx_word' id='word_1_194' title='bbox 667 3207 788 3281; x_wconf 84' lang='lat' dir='ltr'><strong>efferat,</strong></span> <span class='ocrx_word' id='word_1_195' title='bbox 813 3214 1025 3287; x_wconf 78' lang='lat' dir='ltr'><strong>provocantes</strong></span> <span class='ocrx_word' id='word_1_196' title='bbox 1057 3217 1202 3285; x_wconf 89' lang='lat' dir='ltr'><strong>mortem,</strong></span> <span class='ocrx_word' id='word_1_197' title='bbox 1232 3209 1306 3290; x_wconf 86' lang='lat' dir='ltr'><strong>quia</strong></span> 
     </span>
     <span class='ocr_line' id='line_1_27' title="bbox 353 3303 1306 3389; baseline 0.002 -21"><span class='ocrx_word' id='word_1_198' title='bbox 353 3306 576 3389; x_wconf 88' lang='lat' dir='ltr'><strong>temporariam</strong></span> <span class='ocrx_word' id='word_1_199' title='bbox 590 3304 686 3367; x_wconf 89' lang='lat' dir='ltr'><strong>vitam</strong></span> <span class='ocrx_word' id='word_1_200' title='bbox 702 3304 789 3387; x_wconf 88' lang='lat' dir='ltr'><strong>apud</strong></span> <span class='ocrx_word' id='word_1_201' title='bbox 806 3325 852 3380; x_wconf 88' lang='lat' dir='ltr'><strong>se,</strong></span> <span class='ocrx_word' id='word_1_202' title='bbox 864 3325 961 3386; x_wconf 87' lang='lat' dir='ltr'><strong>quam</strong></span> <span class='ocrx_word' id='word_1_203' title='bbox 977 3303 1167 3387; x_wconf 90' lang='lat' dir='ltr'><strong>pudicitiam</strong></span> <span class='ocrx_word' id='word_1_204' title='bbox 1182 3308 1306 3389; x_wconf 90' lang='lat' dir='ltr'><strong>pericli-</strong></span> 
     </span>
     <span class='ocr_line' id='line_1_28' title="bbox 352 3404 1306 3484; baseline 0.002 -17"><span class='ocrx_word' id='word_1_205' title='bbox 352 3406 411 3468; x_wconf 89' lang='lat' dir='ltr'><strong>tari</strong></span> <span class='ocrx_word' id='word_1_206' title='bbox 426 3406 597 3467; x_wconf 82' lang='lat' dir='ltr'><strong>malebant.</strong></span> <span class='ocrx_word' id='word_1_207' title='bbox 645 3405 687 3466; x_wconf 82' lang='lat' dir='ltr'><strong>At</strong></span> <span class='ocrx_word' id='word_1_208' title='bbox 704 3424 758 3466; x_wconf 91' lang='lat' dir='ltr'><strong>eos</strong></span> <span class='ocrx_word' id='word_1_209' title='bbox 775 3404 820 3466; x_wconf 92' lang='lat' dir='ltr'><strong>sic</strong></span> <span class='ocrx_word' id='word_1_210' title='bbox 837 3416 995 3467; x_wconf 86' lang='lat' dir='ltr'><strong>excusant</strong></span> <span class='ocrx_word' id='word_1_211' title='bbox 1009 3404 1177 3468; x_wconf 87' lang='lat' dir='ltr'><strong>infirmitas</strong></span> <span class='ocrx_word' id='word_1_212' title='bbox 1193 3408 1306 3484; x_wconf 88' lang='lat' dir='ltr'><strong>carnis,</strong></span> 
     </span>
     <span class='ocr_line' id='line_1_29' title="bbox 352 3503 1305 3587; baseline 0 -18"><span class='ocrx_word' id='word_1_213' title='bbox 352 3516 384 3569; x_wconf 91' lang='lat' dir='ltr'><strong>et</strong></span> <span class='ocrx_word' id='word_1_214' title='bbox 412 3504 591 3587; x_wconf 88' lang='lat' dir='ltr'><strong>ignorantia</strong></span> <span class='ocrx_word' id='word_1_215' title='bbox 613 3503 705 3585; x_wconf 90' lang='lat' dir='ltr'><strong>juris,</strong></span> <span class='ocrx_word' id='word_1_216' title='bbox 731 3514 763 3566; x_wconf 90' lang='lat' dir='ltr'><strong>et</strong></span> <span class='ocrx_word' id='word_1_217' title='bbox 788 3503 973 3567; x_wconf 90' lang='lat' dir='ltr'><strong>incendium</strong></span> <span class='ocrx_word' id='word_1_218' title='bbox 1002 3503 1153 3580; x_wconf 85' lang='lat' dir='ltr'><strong>caritatis,</strong></span> <span class='ocrx_word' id='word_1_219' title='bbox 1172 3519 1205 3570; x_wconf 91' lang='lat' dir='ltr'><strong>et</strong></span> <span class='ocrx_word' id='word_1_220' title='bbox 1226 3507 1305 3570; x_wconf 86' lang='lat' dir='ltr'><strong>sorte</strong></span> 
     </span>
     <span class='ocr_line' id='line_1_30' title="bbox 351 3604 1305 3687; baseline -0.002 -16"><span class='ocrx_word' id='word_1_221' title='bbox 351 3608 537 3671; x_wconf 87' lang='lat' dir='ltr'><strong>mandatum</strong></span> <span class='ocrx_word' id='word_1_222' title='bbox 562 3604 715 3667; x_wconf 83' lang='lat' dir='ltr'><strong>familiare</strong></span> <span class='ocrx_word' id='word_1_223' title='bbox 740 3604 816 3684; x_wconf 88' lang='lat' dir='ltr'><strong>Dei,</strong></span> <span class='ocrx_word' id='word_1_224' title='bbox 839 3616 875 3667; x_wconf 96' lang='lat' dir='ltr'><strong>ut</strong></span> <span class='ocrx_word' id='word_1_225' title='bbox 896 3604 941 3667; x_wconf 89' lang='lat' dir='ltr'><strong>sic</strong></span> <span class='ocrx_word' id='word_1_226' title='bbox 965 3605 1000 3666; x_wconf 93' lang='lat' dir='ltr'><strong>in</strong></span> <span class='ocrx_word' id='word_1_227' title='bbox 1022 3605 1228 3687; x_wconf 87' lang='lat' dir='ltr'><strong>simplicitate</strong></span> <span class='ocrx_word' id='word_1_228' title='bbox 1249 3629 1305 3669; x_wconf 93' lang='lat' dir='ltr'><strong>sua</strong></span> 
     </span>
     <span class='ocr_line' id='line_1_31' title="bbox 351 3704 1305 3788; baseline 0.001 -19"><span class='ocrx_word' id='word_1_229' title='bbox 351 3709 524 3784; x_wconf 77' lang='lat' dir='ltr'><strong>salventur,</strong></span> <span class='ocrx_word' id='word_1_230' title='bbox 539 3717 575 3768; x_wconf 91' lang='lat' dir='ltr'><strong>ut</strong></span> <span class='ocrx_word' id='word_1_231' title='bbox 594 3725 797 3787; x_wconf 88' lang='lat' dir='ltr'><strong>nequaquam</strong></span> <span class='ocrx_word' id='word_1_232' title='bbox 812 3704 854 3767; x_wconf 88' lang='lat' dir='ltr'><strong>ad</strong></span> <span class='ocrx_word' id='word_1_233' title='bbox 870 3707 1133 3788; x_wconf 86' lang='lat' dir='ltr'><strong>consequentiam</strong></span> <span class='ocrx_word' id='word_1_234' title='bbox 1157 3717 1305 3784; x_wconf 85' lang='lat' dir='ltr'><strong>transeat,</strong></span> 
     </span>
     <span class='ocr_line' id='line_1_32' title="bbox 350 3800 1302 3887; baseline 0.007 -24"><span class='ocrx_word' id='word_1_235' title='bbox 350 3800 436 3885; x_wconf 92' lang='lat' dir='ltr'><strong>quod</strong></span> <span class='ocrx_word' id='word_1_236' title='bbox 460 3802 646 3883; x_wconf 88' lang='lat' dir='ltr'><strong>simpliciter</strong></span> <span class='ocrx_word' id='word_1_237' title='bbox 671 3814 951 3887; x_wconf 79' lang='lat' dir='ltr'><strong>praesumpserunt.</strong></span> <span class='ocrx_word' id='word_1_238' title='bbox 997 3806 1077 3877; x_wconf 86' lang='lat' dir='ltr'><strong>Quis</strong></span> <span class='ocrx_word' id='word_1_239' title='bbox 1103 3806 1187 3868; x_wconf 91' lang='lat' dir='ltr'><strong>euim</strong></span> <span class='ocrx_word' id='word_1_240' title='bbox 1213 3809 1302 3870; x_wconf 92' lang='lat' dir='ltr'><strong>locus</strong></span> 
     </span>
     <span class='ocr_line' id='line_1_33' title="bbox 349 3899 1303 3984; baseline 0.004 -18"><span class='ocrx_word' id='word_1_241' title='bbox 349 3913 398 3967; x_wconf 90' lang='lat' dir='ltr'><strong>est</strong></span> <span class='ocrx_word' id='word_1_242' title='bbox 419 3899 607 3979; x_wconf 87' lang='lat' dir='ltr'><strong>fortitudini,</strong></span> <span class='ocrx_word' id='word_1_243' title='bbox 635 3902 662 3965; x_wconf 93' lang='lat' dir='ltr'><strong>si</strong></span> <span class='ocrx_word' id='word_1_244' title='bbox 688 3905 733 3966; x_wconf 91' lang='lat' dir='ltr'><strong>sic</strong></span> <span class='ocrx_word' id='word_1_245' title='bbox 761 3904 877 3968; x_wconf 84' lang='lat' dir='ltr'><strong>taedeat</strong></span> <span class='ocrx_word' id='word_1_246' title='bbox 900 3907 1038 3969; x_wconf 88' lang='lat' dir='ltr'><strong>animam</strong></span> <span class='ocrx_word' id='word_1_247' title='bbox 1064 3907 1137 3968; x_wconf 84' lang='lat' dir='ltr'><strong>vitae</strong></span> <span class='ocrx_word' id='word_1_248' title='bbox 1165 3929 1243 3984; x_wconf 71' lang='lat' dir='ltr'><strong>suae,</strong></span> <span class='ocrx_word' id='word_1_249' title='bbox 1268 3917 1303 3970; x_wconf 88' lang='lat' dir='ltr'><strong>ut</strong></span> 
     </span>
     <span class='ocr_line' id='line_1_34' title="bbox 348 4000 1299 4087; baseline 0.003 -20"><span class='ocrx_word' id='word_1_250' title='bbox 348 4001 440 4087; x_wconf 90' lang='lat' dir='ltr'><strong>quasi</strong></span> <span class='ocrx_word' id='word_1_251' title='bbox 462 4000 615 4084; x_wconf 85' lang='lat' dir='ltr'><strong>patientia</strong></span> <span class='ocrx_word' id='word_1_252' title='bbox 637 4003 732 4074; x_wconf 88' lang='lat' dir='ltr'><strong>victa,</strong></span> <span class='ocrx_word' id='word_1_253' title='bbox 758 4016 789 4064; x_wconf 91' lang='lat' dir='ltr'><strong>et</strong></span> <span class='ocrx_word' id='word_1_254' title='bbox 811 4005 946 4086; x_wconf 85' lang='lat' dir='ltr'><strong>praecisa</strong></span> <span class='ocrx_word' id='word_1_255' title='bbox 970 4005 1082 4068; x_wconf 89' lang='lat' dir='ltr'><strong>semita</strong></span> <span class='ocrx_word' id='word_1_256' title='bbox 1106 4006 1299 4085; x_wconf 88' lang='lat' dir='ltr'><strong>meritorum,</strong></span> 
     </span>
     <span class='ocr_line' id='line_1_35' title="bbox 348 4097 1298 4188; baseline 0.003 -23"><span class='ocrx_word' id='word_1_257' title='bbox 348 4103 434 4187; x_wconf 92' lang='lat' dir='ltr'><strong>quod</strong></span> <span class='ocrx_word' id='word_1_258' title='bbox 448 4097 640 4185; x_wconf 83' lang='lat' dir='ltr'><strong>praecipitur,</strong></span> <span class='ocrx_word' id='word_1_259' title='bbox 655 4113 709 4165; x_wconf 87' lang='lat' dir='ltr'><strong>aut</strong></span> <span class='ocrx_word' id='word_1_260' title='bbox 722 4116 870 4186; x_wconf 84' lang='lat' dir='ltr'><strong>nequeat,</strong></span> <span class='ocrx_word' id='word_1_261' title='bbox 887 4116 942 4168; x_wconf 86' lang='lat' dir='ltr'><strong>aut</strong></span> <span class='ocrx_word' id='word_1_262' title='bbox 963 4106 1103 4188; x_wconf 85' lang='lat' dir='ltr'><strong>negligat</strong></span> <span class='ocrx_word' id='word_1_263' title='bbox 1123 4106 1298 4172; x_wconf 81' lang='lat' dir='ltr'><strong>sustinere?</strong></span> 
     </span>
     <span class='ocr_line' id='line_1_36' title="bbox 348 4203 1299 4290; baseline 0.003 -24"><span class='ocrx_word' id='word_1_264' title='bbox 348 4204 444 4285; x_wconf 90' lang='lat' dir='ltr'><strong>Apud</strong></span> <span class='ocrx_word' id='word_1_265' title='bbox 455 4203 615 4283; x_wconf 87' lang='lat' dir='ltr'><strong>sapientes</strong></span> <span class='ocrx_word' id='word_1_266' title='bbox 626 4204 671 4266; x_wconf 92' lang='lat' dir='ltr'><strong>sic</strong></span> <span class='ocrx_word' id='word_1_267' title='bbox 683 4203 746 4268; x_wconf 89' lang='lat' dir='ltr'><strong>vita</strong></span> <span class='ocrx_word' id='word_1_268' title='bbox 758 4207 985 4284; x_wconf 85' lang='lat' dir='ltr'><strong>contemnitur,</strong></span> <span class='ocrx_word' id='word_1_269' title='bbox 998 4206 1084 4290; x_wconf 91' lang='lat' dir='ltr'><strong>quod</strong></span> <span class='ocrx_word' id='word_1_270' title='bbox 1095 4208 1299 4290; x_wconf 85' lang='lat' dir='ltr'><strong>turpitudinis</strong></span> 
     </span>
    </p>
   </div>
   <div class='ocr_carea' id='block_1_3' title="bbox 0 0 1660 5309">
    <p class='ocr_par' dir='ltr' id='par_1_3' title="bbox 0 0 1660 5309">
     <span class='ocr_line' id='line_1_37' title="bbox 0 0 1660 5309; baseline 0 3"><span class='ocrx_word' id='word_1_271' title='bbox 0 0 1660 5309; x_wconf 95' lang='lat' dir='ltr'><strong> </strong></span> 
     </span>
    </p>
   </div>
  </div>
 </body>
</html>
