3309 5309
695 671 834 716 cAP.
870 654 968 729 ν.]
1387 669 1897 717 ΡοιΥοΒΑΤΙουε.
2484 662 2602 719 231

693 820 1046 906 suscipiens
1073 820 1300 900 filium,
1336 820 1687 884 Ismaelem.
1780 823 1986 886 Jacob
2031 846 2286 909 quoque
2317 847 2603 890 sororum

691 923 812 986 sibi
842 921 1178 1008 duplicato
1220 921 1542 1007 conjugio,
1585 921 1918 986 foecundas
1962 923 2303 988 earundem
2349 927 2606 991 ancillas

693 1023 984 1087 adscivit.
1076 1023 1290 1108 Atqui
1313 1046 1492 1107 reges
1515 1036 1841 1108 perpetuae
1873 1025 2317 1110 prohibitionis
2339 1026 2441 1113 laq
2453 1051 2607 1092 ueus

695 1136 891 1195 tenet,
919 1137 985 1189 et
1009 1147 1047 1188 a
1070 1124 1352 1210 plurium
1381 1146 1642 1186 uxorem
1668 1124 2075 1209 amplexibus
2097 1140 2289 1201 arcet,
2314 1137 2379 1189 et
2409 1151 2606 1212 quum

695 1225 758 1289 in
805 1226 946 1289 aliis
991 1225 1206 1312 plures
1251 1225 1440 1289 unius
1495 1248 1628 1290 esse
1673 1224 1919 1289 licitum
1979 1227 2195 1305 fuerit,
2240 1226 2304 1290 in
2348 1229 2608 1313 regibus

695 1343 1012 1414 perpetuo
1034 1329 1303 1405 obtinet,
1332 1341 1402 1392 ut
1433 1350 1558 1391 una
1576 1328 1766 1392 unius
1790 1328 1890 1392 sit.
1941 1329 2260 1415 Nunquid
2290 1331 2610 1409 fornicari,

698 1429 797 1492 vel
825 1428 1198 1505 adulterari,
1233 1442 1612 1514 stuprumve
1643 1429 2041 1493 committere
2061 1428 2208 1493 licet
2232 1453 2375 1494 cum
2409 1432 2611 1518 pluri-

697 1532 842 1606 bus,
874 1552 1078 1616 quum
1111 1553 1225 1594 nec
1254 1531 1444 1596 etiam
1477 1530 1726 1615 generis
1756 1531 2231 1617 multiplicandi
2260 1556 2471 1611 causa,
2503 1548 2613 1600 aut

697 1632 1075 1719 procreandi
1122 1633 1409 1708 heredeS‚
1444 1632 1630 1696 liceat
1675 1633 1983 1696 uxoribus
2014 1633 2393 1698 admisceri?
2440 1639 2615 1710 Quo-

699 1734 893 1798 modo
947 1747 1193 1821 stupra‚
1247 1733 1586 1812 adulteria,
1636 1745 1751 1798 aut
1802 1734 2122 1819 quaslibet
2172 1735 2615 1799 fornicationes

699 1836 927 1921 puniet
991 1847 1272 1920 potestas
1333 1836 1567 1899 eisdem
1624 1833 1909 1918 subjecta
1968 1836 2388 1900 criminibus?
2480 1837 2616 1900 Nec

702 1960 933 2003 uxores
980 1937 1190 2001 David
1252 1936 1593 2022 quisquam
1640 1937 1922 2022 objiciat,
1969 1936 2081 2023 qui
2127 1939 2292 2002 forte
2350 1938 2413 2001 in
2474 1938 2614 2014 boc,

703 2040 867 2104 sicut
917 2054 981 2104 et
1028 2039 1095 2102 in
1148 2039 1371 2103 multis
1421 2039 1583 2116 aliis,
1637 2039 1896 2124 speciali
1955 2039 2288 2124 privilegio
2346 2039 2613 2125 gaudet.

706 2142 893 2205 Licet
938 2140 1122 2205 facile
1166 2141 1601 2218 concesserim,
1650 2141 1825 2228 quod
1872 2153 1935 2205 et
1978 2140 2114 2228 ipse
2160 2142 2223 2205 in
2271 2142 2387 2207 hac
2432 2156 2615 2229 parte

705 2241 1069 2328 deliquerit.
1164 2243 1327 2304 Sane
1350 2265 1494 2305 eum
1519 2241 1784 2306 affectus
1808 2241 1913 2305 ille
1941 2243 2233 2324 uxoriuS‚
2256 2243 2616 2328 proditione

706 2356 774 2408 et
803 2342 1166 2418 homicidi0,
1199 2345 1264 2406 in
1298 2343 1687 2408 adulterium
1735 2343 2022 2430 impegit,
2055 2368 2169 2408 nec
2210 2345 2273 2408 in
2305 2346 2476 2412 illius
2508 2370 2620 2410 ex-

705 2446 1033 2510 cusatione
1079 2447 1319 2526 laboro,
1381 2445 1494 2531 qui
1555 2445 1927 2531 prophetica
1980 2461 2330 2511 conventus
2371 2462 2433 2512 et
2475 2471 2621 2512 con-

707 2547 916 2611 victus
946 2547 1272 2631 parabola,
1305 2546 1582 2631 seipsum
1619 2545 1825 2607 virum
1862 2545 2084 2609 mortis
2114 2568 2247 2607 esse
2266 2547 2620 2628 respondit.

711 2649 936 2714 Habes
964 2649 1183 2735 itaque
1217 2669 1451 2731 regem,
1480 2668 1624 2709 cum
1672 2646 1927 2728 regibus
1989 2644 2464 2729 delinquentem
2493 2671 2511 2724 ;
2558 2660 2622 2711 et

710 2751 956 2815 utinam
1003 2773 1146 2814 cum
1196 2749 1543 2834 poenitente
1588 2746 1961 2831 poeniteant,
2007 2760 2068 2811 et
2116 2747 2435 2812 fateantur
2475 2770 2621 2811 cum

710 2853 1056 2915 confitente
1096 2849 1374 2934 culpam,
1411 2860 1475 2911 et
1518 2846 1972 2911 satisfacientes
2018 2869 2166 2911 cum
2204 2845 2625 2913 satisfaciente

710 2964 1119 3015 revertantur
1149 2950 1230 3013 ad
1263 2949 1481 3013 vitam.
1529 2952 1743 3033 Ipsam
1770 2941 2029 3033 quoque
2054 2947 2423 3034 sapientiam
2452 2949 2627 3014 Salo-

710 3053 916 3116 monis
946 3051 1285 3113 mulierum
1317 3048 1655 3111 infatuavit
1692 3070 1885 3112 amor.
1965 3049 2300 3134 Sequitur:
2349 3053 2484 3113 Nec
2516 3051 2627 3114 ha-

710 3154 891 3218 bebit
915 3152 1162 3235 argenti
1182 3161 1246 3213 et
1269 3149 1410 3212 auri
1431 3147 1735 3212 immensa
1753 3148 2054 3233 pondera,
2145 3151 2317 3213 Eant
2340 3172 2531 3228 nunc,
2562 3164 2626 3216 et

713 3252 995 3319 Domino
1026 3249 1428 3336 probibente,
1453 3262 1791 3332 argentum
1824 3248 1943 3312 sibi
1975 3260 2039 3312 et
2063 3271 2289 3312 aurum
2317 3249 2627 3314 thesauri-

715 3372 884 3432 zent,
909 3354 1212 3418 facientes
1233 3375 1311 3416 ex
1331 3350 1648 3414 calumnia
1662 3362 2007 3436 quaestum,
2029 3350 2109 3415 de
2131 3354 2624 3438 paupertatibus

714 3457 982 3521 aliorum
1016 3454 1473 3518 abundantiam
1516 3465 1837 3539 quaerant,
1866 3452 1947 3515 de
1979 3452 2217 3538 rapinis
2259 3453 2530 3536 divitias,
2560 3471 2625 3523 et

717 3559 1104 3646 singularem
1151 3556 1272 3620 sibi
1316 3555 1781 3620 beatitudinem
1830 3566 2115 3620 statuant
2159 3556 2224 3619 in
2270 3556 2627 3625 calamitate

718 3660 1095 3724 multorum.
1187 3659 1314 3722 Sed
1374 3659 1618 3743 copiam
1684 3657 2038 3722 Salomonis
2093 3656 2317 3743 objicit
2374 3659 2624 3747 aliquis,

721 3766 906 3841 Esto,
956 3761 1309 3847 principem
1360 3758 1742 3844 locupletem
1797 3758 1934 3822 fieri
1984 3781 2110 3822 non
2140 3760 2494 3851 prohibeoffi
2518 3762 2631 3828 sed

720 3885 1000 3926 avarum.
1034 3863 1261 3925 Nonne
1284 3883 1512 3924 aurum
1531 3872 1594 3924 et
1614 3872 1949 3945 argentum
1979 3859 2328 3926 Salomonis
2346 3874 2631 3950 tempore
2975 3916 3011 3917 j

723 3965 1095 4030 viluerunt?
1145 3964 1289 4027 Non
1338 3962 1564 4049 utique
1597 3961 1951 4041 viluissent,
1983 3964 2036 4027 si
2080 3987 2299 4029 eorum
2329 3965 2632 4028 immensa

724 4067 1026 4150 pondera,
1073 4078 1135 4129 et
1181 4088 1326 4151 quae
1376 4088 1562 4129 usum
1603 4065 2004 4146 excederent,
2039 4067 2160 4132 sibi
2193 4087 2310 4128 rex
2354 4066 2632 4150 cupidus

725 4172 1156 4253 congessisset.
1250 4170 1557 4232 Potuerat
1609 4191 1684 4230 ea
1723 4169 1789 4230 in
1841 4181 2073 4232 terram
2119 4165 2464 4242 defodien5‚
2504 4186 2636 4246 quo

724 4271 973 4334 cariora
1022 4270 1271 4349 fierent,
1310 4269 1608 4334 humanis
1658 4268 1880 4332 usibus
1932 4265 2343 4332 subtraxisse.
2439 4266 2636 4350 Apud

2413 4830 2421 4831 ff
2533 4466 3013 4830 (ᾗ
