3309 5309
352 680 395 740 20
615 691 752 736 scansis
767 689 1047 734 saussuuuruusu
1179 671 1265 745 [mu.
1285 686 1309 730 1.

353 846 500 930 mysteria
524 845 619 907 variis
644 844 869 924 figmentorum
894 843 1067 905 involucris
1089 842 1306 909 obtexentes;

351 951 398 1013 sic
414 960 520 1011 tamen
536 959 572 1010 ut
595 968 636 1010 ex
652 947 776 1010 cautela
798 946 953 1009 malorum
978 944 1149 1006 utilitatem
1171 940 1307 1003 iuduce-

351 1060 433 1127 rent,
454 1060 509 1113 aut
531 1069 573 1111 ex
595 1049 702 1130 lepore
728 1047 881 1129 poematis
901 1047 1106 1129 voluptatem.
1152 1045 1192 1106 Iu
1215 1062 1310 1104 auras

354 1151 465 1234 itaque
492 1163 617 1234 raptum
640 1148 769 1211 tradunt
793 1149 834 1210 ab
858 1148 967 1231 aquila
991 1145 1189 1209 Dardanium
1211 1165 1308 1207 vena·

353 1264 455 1315 torem
471 1251 511 1315 ad
533 1252 662 1334 pocula,
678 1249 829 1332 aquibus
850 1248 891 1311 ad
911 1249 1042 1311 illicitos
1064 1261 1096 1310 et
1114 1246 1309 1310 innaturales

354 1354 505 1417 transiret
515 1354 694 1435 amplexus.
726 1351 1033 1433 Eleganterutique,
1044 1371 1143 1433 quum
1154 1359 1185 1411 ct
1194 1348 1307 1410 levitas

354 1455 425 1516 ferri
451 1454 553 1536 possit
578 1454 619 1515 ab
646 1452 731 1526 alite,
757 1463 789 1513 et
814 1451 962 1532 voluptas
990 1450 1169 1513 sobrietatis
1194 1449 1308 1529 ignara

353 1555 573 1639 cujuscunque
596 1551 723 1616 libidini
748 1553 896 1635 prostitui
920 1572 985 1615 non
1013 1551 1179 1614 erubescit
1227 1550 1307 1612 Dux

355 1658 531 1720 Thebanus
547 1657 613 1719 risa
635 1654 778 1718 nuditate
798 1655 885 1716 illius
907 1675 1003 1738 quam
1022 1654 1057 1716 in
1075 1653 1163 1716 silvis
1180 1671 1307 1734 semper

353 1761 505 1837 coluerat,
515 1780 614 1843 quum
624 1759 665 1821 ab
678 1778 782 1820 errore
792 1756 909 1839 pedem
921 1756 970 1819 sui
985 1768 1149 1819 revocaret
1162 1755 1307 1828 affectus,

352 1862 412 1924 sub
438 1861 578 1923 humano
605 1879 701 1920 seusu
726 1879 760 1920 se
786 1857 820 1919 in
850 1859 986 1920 bestiam
1012 1857 1132 1940 stupuit
1156 1855 1305 1919 transfor·

353 1974 484 2035 matum,
498 1959 663 2040 cervisque
678 1958 861 2043 conformis,
875 1980 971 2041 quum
989 1957 1181 2022 domesticos
1196 1979 1306 2034 canes,

352 2081 431 2123 voce
450 2071 483 2122 et
502 2059 591 2121 vultu
614 2058 764 2120 niteretur
786 2057 924 2138 abigere,
942 2058 1019 2121 vitio
1042 2080 1147 2142 pravae
1170 2080 1304 2122 cousue-

351 2159 485 2237 tudinis,
506 2160 603 2223 totius
624 2159 812 2222 substantia
834 2180 900 2222 suae
921 2158 1101 2242 dispendio,
1121 2159 1304 2224 eorumdem

350 2261 510 2324 morsibus
535 2259 648 2342 patuit.
693 2260 738 2322 Et
762 2259 841 2323 sorte
866 2259 971 2323 Deam
996 2260 1200 2323 venatoribus
1224 2282 1305 2344 prae-

350 2362 464 2436 serunt,
481 2363 558 2445 quia
571 2361 705 2424 mollitie
721 2361 781 2423 hac
799 2362 849 2424 vel
863 2357 985 2424 malitia
997 2361 1086 2424 Deos
1102 2383 1178 2425 suos
1193 2364 1303 2427 volue-

350 2476 423 2528 runt
444 2465 606 2527 infamare.
652 2463 730 2547 Apri
754 2463 903 2526 dentibus
922 2465 1101 2527 extinctum
1122 2462 1304 2529 Adonidem

351 2564 448 2628 deflet
458 2566 577 2640 Venus,
586 2563 844 2645 hahenssemper
853 2585 926 2626 cum
935 2565 1103 2628 venatione
1113 2566 1162 2627 vel
1172 2567 1305 2633 robusta

351 2667 587 2729 commercium.
626 2664 714 2726 Dum
729 2666 823 2728 Maro
840 2664 1044 2746 Carthaginis
1059 2667 1131 2729 altre
1141 2665 1305 2749 jocaretur

351 2768 536 2852 hospitium,
559 2768 734 2830 amantium
761 2780 834 2830 vota
861 2768 1030 2832 conciliare
1056 2769 1211 2847 nescivit3
1241 2772 1305 2836 uisi

351 2869 397 2931 eis
420 2872 460 2932 ab
486 2868 723 2952 opportunitate
748 2867 886 2932 venandi
909 2868 1038 2952 dilapsu
1061 2871 1226 2945 comitum,
1250 2875 1305 2938 sil·

351 2991 458 3034 varum
474 2971 613 3033 latebras
629 2977 789 3031 reseraret.
828 2968 882 3032 Sic
899 2969 978 3031 forte
993 2971 1068 3054 quia
1083 2971 1223 3035 studium
1240 2975 1302 3038 hoc

350 3094 369 3136 a
389 3073 587 3136 conscientia
606 3070 814 3155 turpitudinis
834 3070 903 3133 odit
921 3071 1037 3149 lucem,
1053 3073 1135 3136 sicut
1153 3094 1171 3135 e
1192 3087 1303 3141 contra

347 3175 481 3256 legitimi
498 3175 613 3239 amoris
628 3172 755 3256 gaudia,
771 3175 932 3238 solemnes
947 3173 1030 3236 lucis
1050 3196 1115 3238 suae
1131 3175 1303 3258 praeferunt

350 3276 458 3340 taedas.
492 3279 596 3348 Quem
612 3278 690 3340 mihi
706 3276 799 3340 dabis
811 3277 948 3340 virorum
964 3276 1145 3354 illustrium,
1156 3277 1211 3360 qui
1227 3279 1301 3342 huic

348 3378 504 3458 voluptati
520 3377 723 3440 vehementer
737 3377 923 3441 inhaeserit?

454 3490 557 3542 Fixevit
567 3491 705 3559 teripedem
717 3508 817 3543 cervam
829 3491 901 3556 licet,
914 3498 959 3545 aut
973 3494 1126 3563 Erymanthi

456 3573 571 3627 Placarit
583 3590 690 3626 nemora

349 3675 451 3736 victor
473 3670 616 3745 Alcides,
632 3691 697 3733 nou
719 3673 875 3756 voluptati
898 3695 974 3749 suae,
991 3676 1048 3740 sed
1068 3681 1206 3761 publicae
1227 3704 1300 3766 pro-

349 3774 457 3859 spexit
476 3772 615 3835 utilitati.
660 3775 782 3856 Aprum
799 3773 976 3838 Calidouiae
996 3782 1164 3844 vastaverit
1179 3784 1301 3852 Melea-

348 3897 413 3958 ger,
427 3896 492 3938 nou
508 3874 615 3937 mulsit
630 3874 772 3938 animum
787 3878 963 3960 voluptate,
979 3877 1035 3941 sed
1056 3880 1148 3945 hoste
1163 3889 1302 3964 patriam

346 3976 514 4041 liberavit..
547 3974 678 4037 Fudsrit
701 3986 813 4040 auctor
832 3977 971 4044 Romani
991 3981 1116 4058 generis
1136 4003 1303 4056 cervorum

346 4100 489 4163 corpora,
514 4098 578 4138 non
603 4097 693 4139 vanae
717 4079 889 4161 voluptatis
915 4078 1073 4156 solatium,
1096 4080 1153 4143 sed
1179 4082 1240 4147 sibi
1268 4105 1304 4158 et

345 4183 441 4248 sociis
464 4179 612 4264 quaesivit
634 4174 820 4258 suffragium
845 4179 929 4242 vitae.
975 4179 1081 4261 Opera
1102 4182 1301 4264 singulorum

345 4308 388 4350 ex
404 4295 532 4361 eventu,
543 4291 575 4345 et
587 4280 752 4364 proposito
764 4282 964 4354 colorantur;
987 4302 1037 4345 res
1049 4285 1170 4368 quippe
1183 4286 1302 4360 decora
