3309 5309
418 684 559 728 car.
590 662 731 744 xv.]
1165 677 1671 723 romensi-leus.
2239 659 2323 720 85

422 834 654 899 dextra
695 832 1065 905 contineret,
1109 829 1172 892 in
1219 829 1364 894 aeris
1409 829 1673 893 materia
1724 829 1860 892 fieri
1912 828 2321 892 studuerunt.

423 939 528 1000 Ea
570 959 721 998 vero
766 933 1046 1020 perfecta
1088 933 1154 996 in
1200 932 1404 995 forma
1447 932 1727 1017 egregia,
1759 945 2028 995 venusta
2065 931 2325 1016 quanti·

423 1050 578 1112 tate,
610 1049 762 1122 apta
789 1034 1068 1121 partium
1100 1030 1538 1118 dispositione,
1561 1031 1862 1095 membris
1888 1053 2152 1116 quoque
2179 1052 2327 1094 con-

425 1138 822 1217 decentibu5‚
859 1150 925 1200 et
960 1135 1081 1200 sibi
1121 1135 1390 1199 invicem
1436 1132 1943 1218 congruentibus
1987 1132 2322 1208 universis,

425 1261 632 1325 quum
673 1259 794 1300 non
838 1249 965 1299 tam
997 1233 1221 1321 populi
1248 1234 1801 1310 examinationem,
1829 1256 2025 1319 quam
2057 1233 2328 1298 admira-

428 1340 692 1414 tionem,
723 1339 911 1423 plena
940 1337 1039 1401 sui
1068 1335 1613 1399 commendatione
1641 1336 2031 1420 deposceret,
2058 1336 2322 1422 quidam

428 1439 596 1504 solas
655 1437 846 1500 tibias
903 1448 1100 1499 tantae
1157 1433 1307 1497 moli
1374 1434 1773 1520 perferendae
1831 1435 2139 1501 inhabiles
2194 1461 2327 1502 esse

426 1539 675 1606 causati
705 1551 873 1604 sunt.
951 1538 1203 1614 Quibus
1229 1537 1410 1600 faber
1441 1537 1799 1623 respondit;
1843 1561 1948 1602 eas
1971 1562 2330 1626 usquequa-

430 1667 564 1732 que
615 1641 923 1718 sufficere,
970 1641 1172 1704 donec
1218 1640 1402 1725 virgo
1446 1654 1720 1724 pareret,
1761 1642 2020 1704 omnino
2070 1643 2331 1706 credens

430 1742 885 1831 impossibilem
920 1742 1178 1827 virginis
1206 1755 1482 1826 partum.
1575 1741 1765 1817 Quod
1796 1756 1860 1806 et
1891 1742 2153 1808 Christo
2185 1757 2335 1808 nato

431 1847 768 1933 impletum
799 1858 915 1920 est,
961 1868 1037 1909 ea
1078 1857 1412 1908 corruente
1441 1855 1507 1907 et
1535 1843 1760 1922 fracta,
1789 1844 1944 1930 quia
1986 1844 2333 1910 humanum

433 1949 854 2024 contrahitur,
886 1946 996 2011 ubi
1028 1943 1314 2009 divinum
1345 1944 1682 2030 imperium
1713 1943 2041 2010 dilatatur.
2117 1948 2330 2025 Quum

438 2074 590 2115 vero
619 2073 717 2113 res
746 2072 861 2136 per
881 2052 1156 2135 quietem
1188 2046 1313 2110 alio
1342 2047 1681 2112 nunciante
1710 2047 2017 2125 clarescit,
2039 2051 2089 2113 si
2122 2066 2329 2116 tamen

437 2153 831 2218 enunciantis
860 2151 1125 2216 honesta
1163 2151 1391 2236 cuique
1432 2172 1700 2235 persona
1730 2150 1809 2214 sit
1840 2164 1903 2214 et
1937 2153 2332 2230 venerabilis,

436 2256 503 2318 in
549 2253 939 2319 oraculorum
995 2253 1265 2338 speciem
1312 2251 1502 2317 cadit.
1592 2256 1717 2317 Est
1770 2253 1937 2317 enim
1990 2256 2337 2338 oraculum,

438 2368 515 2420 ut
544 2358 634 2419 ait
665 2353 949 2440 quidam,
973 2353 1190 2416 divina
1219 2351 1512 2417 voluntas
1541 2375 1649 2416 ore
1680 2354 1953 2419 hominis
1982 2358 2335 2423 enunciata.

443 2456 743 2522 Hominis
810 2477 960 2520 vero
1028 2454 1452 2541 appellatione
1522 2469 1839 2534 censetur,
1900 2460 2214 2546 quicquid
2276 2463 2338 2525 in

445 2557 650 2644 specie
691 2556 960 2620 hominis
999 2555 1270 2636 videtur,
1311 2556 1520 2631 home,
1562 2556 1827 2641 angelus
1867 2558 1969 2633 sit,
2012 2582 2092 2622 an
2140 2564 2343 2642 DeuS,

444 2679 526 2722 an
575 2656 821 2744 quaevis
869 2656 995 2721 alia
1037 2669 1351 2720 creatura.
1443 2659 1718 2720 Persona
1762 2671 1977 2721 autem
2029 2661 2345 2746 cujusque

444 2759 707 2823 honesta
747 2771 845 2822 est
889 2769 952 2821 et
998 2758 1397 2835 venerabilis,
1442 2771 1556 2821 aut
1609 2771 1862 2835 natura,
1909 2771 1980 2823 ut
2031 2766 2339 2845 parentis;

447 2874 561 2927 aut
591 2860 974 2937 conditione,
1000 2873 1071 2923 ut
1101 2859 1383 2934 domini;
1432 2874 1545 2924 aut
1577 2861 1885 2940 moribuS,
1914 2874 1987 2925 ut
2021 2863 2294 2948 religiosi
2321 2892 2339 2938 ;

446 2974 559 3027 aut
607 2963 885 3040 fortuna,
927 2973 998 3025 ut
1043 2961 1490 3045 magistratus;
1555 2974 1670 3025 aut
1711 2962 2032 3047 religione,
2079 2978 2149 3029 ut
2198 2964 2346 3044 Dei,

445 3063 702 3149 Angeli‚
750 3061 1122 3142 hominisve,
1169 3067 1364 3126 sacris
1405 3076 1470 3127 et
1514 3063 1880 3127 ceremoniis
1925 3065 2159 3132 divinis
2201 3091 2347 3131 con·

448 3163 697 3229 secrati.
785 3165 892 3228 Ex
921 3185 1055 3249 quo
1084 3175 1371 3248 apparet,
1399 3163 1516 3227 etsi
1555 3185 1681 3228 non
1720 3163 2108 3250 simpliciter,
2142 3183 2350 3235 tamen

451 3265 803 3331 secundum
849 3263 1031 3350 quid,
1061 3286 1360 3351 personas
1397 3279 1534 3329 arte
1573 3265 1955 3350 conjectoria
1992 3291 2116 3334 non
2163 3274 2352 3340 modo

450 3368 772 3443 honestaS,
836 3366 944 3431 sed
1005 3380 1069 3433 et
1128 3367 1529 3433 detestabiles
1588 3370 2036 3436 venerabilium
2101 3379 2351 3444 nomine

452 3470 688 3535 claudi.
778 3469 960 3536 Sicut
1013 3470 1181 3537 enim
1236 3470 1585 3536 Catholicae
1636 3472 1959 3559 religionis
2009 3476 2150 3557 viri,
2202 3504 2350 3546 vero

452 3576 619 3648 Deo,
650 3571 866 3658 eisque
895 3596 1046 3659 quae
1076 3594 1337 3637 munere
1365 3574 1504 3658 ejus
1544 3596 1721 3638 sacra
1766 3588 1936 3657 sunt,
1965 3578 2131 3665 piam
2166 3604 2352 3650 vene-

455 3677 767 3739 rationem
820 3675 1223 3762 impendunt,
1267 3675 1358 3740 ita
1408 3675 1747 3756 haereticae,
1789 3691 1852 3742 et
1902 3683 2355 3768 superstitiosae

454 3775 778 3893 religionis
851 3777 1158 3854 homines,
1219 3777 1383 3842 fictis
1438 3778 1828 3857 numinibus,
1885 3779 2081 3850 immo
2134 3789 2356 3883 potius

458 3878 626 3941 veris
667 3878 1086 3955 daemonibus,
1119 3897 1185 3945 et
1228 3880 1690 3946 execrabilibus
1734 3882 1932 3948 sacris
1958 3908 2198 3972 eurum,
2229 3882 2393 3960 :inu

458 3979 740 4044 debitam
772 3982 1205 4060 reverentiam,
1237 4005 1385 4069 quae
1413 3983 1594 4048 nulla
1618 3999 1738 4064 est,
1770 3987 1878 4052 sed
1917 4000 2012 4056 tu
2300 4007 2327 4076 j.
2359 4017 2368 4027 ·

462 4079 764 4147 exhibent
795 4083 1198 4151 famulatum.
1275 4085 1465 4164 Quod
1494 4086 1686 4153 latius
1714 4112 1790 4153 ex
1821 4076 2271 4204 gentiiffiqbfj
2299 4084 2338 4144 .'

458 4183 807 4269 colligitur.
898 4183 1139 4254 AEneas
1167 4187 1568 4255 oraculorum
1610 4192 1866 4268 indicio,
1897 4181 2154 4280 Ρτοιὲ-’Ϊ-
2181 4186 2191 4196 ’

451 4283 794 4371 quaesitam
824 4285 1068 4353 invenit
1095 4288 1377 4367 Italiam,
1401 4300 1467 4354 et
1497 4288 1571 4353 in
1588 4297 1666 4356 lea
1698 4304 1822 4356 nnn
1854 4300 2002 4359 m..
2030 4320 2034 4344 ι
2166 4291 2222 4339 ·'
