3309 5309
435 655 582 700 CAP.
617 634 739 720 1v.]
1113 651 1619 697 POLYCRATICUS.
2255 628 2331 687 21

436 819 554 886 est,
584 808 639 870 si
667 808 934 870 honesta
965 828 1160 871 causa
1201 806 1612 888 praecesserit.
1689 803 1853 876 Quis
1882 810 2096 864 tamen
2128 797 2335 860 homi-

433 929 587 970 num
641 929 1004 992 canumque
1063 908 1423 970 construxit
1472 905 1848 981 exercitum,
1899 911 1972 964 ut
2021 921 2150 962 non
2205 909 2335 960 tam

433 1032 570 1086 sua,
623 1032 809 1094 quam
865 1010 1074 1073 aliena
1135 1010 1393 1086 virtute,
1442 1029 1590 1070 cum
1642 1006 1863 1069 bestiis
1916 1001 2333 1066 dimicarent?

438 1110 722 1185 Quidni?
799 1111 1118 1175 infelicem
1180 1110 1517 1174 bestiolam
1576 1111 1983 1193 lepusculum
2042 1104 2331 1170 timidum

433 1222 612 1276 tanto
642 1213 908 1276 fortasse
944 1213 1337 1297 praedabitur
1365 1225 1695 1296 apparatu.
1772 1212 1844 1274 Si
1884 1231 2030 1272 vero
2071 1207 2334 1271 clariore

436 1313 673 1396 praeda,
693 1335 882 1377 cervo
907 1315 1066 1377 forte
1088 1315 1195 1377 vel
1220 1335 1399 1396 apro,
1417 1314 1784 1377 venantium
1805 1312 1988 1374 labor
2011 1308 2336 1380 effulserit,

437 1415 513 1476 fit
567 1415 832 1496 plausus
891 1415 1332 1489 intolerabilis,
1394 1417 1687 1479 exultant
1743 1426 2087 1490 venatores,
2140 1420 2336 1492 caput

436 1515 677 1598 praedae
724 1526 788 1578 et
835 1516 1147 1578 solemnia
1194 1514 1489 1599 quaedam
1539 1517 1748 1600 spolia
1800 1513 2340 1596 triumphantibus

436 1616 873 1700 praeferuntur,
896 1636 1113 1696 regem
1144 1614 1608 1697 Cappadocum
1633 1625 1887 1697 captum
1921 1612 2166 1675 credas·
2228 1610 2337 1674 Sic

437 1719 799 1782 cornicines
828 1729 891 1780 et
919 1718 1218 1781 tibicines
1259 1717 1479 1781 videas
1512 1718 1790 1781 victoriae
1832 1718 2093 1799 gloriam
2128 1714 2339 1777 decla-

440 1842 595 1883 rare.
675 1821 812 1883 Illis
856 1829 1149 1882 moestum
1197 1818 1428 1882 indicit
1467 1820 1704 1883 femina
1748 1831 1940 1901 capta
1984 1817 2342 1891 silentium3

439 1923 543 1985 vel
574 1921 625 1984 si
659 1922 817 1984 forte
859 1920 1078 2004 praeda
1115 1923 1412 1998 nobilior,
1445 1921 2081 1985 circumvenientium
2124 1919 2341 2002 potius

436 2024 677 2100 fraude,
709 2044 899 2107 quam
932 2023 1171 2086 viribus
1201 2034 1654 2106 prosternatur.
1746 2023 1814 2086 Si
1846 2023 2206 2106 capreoluS‚
2239 2022 2338 2083 vel

438 2126 623 2209 lepus
667 2125 994 2204 ceciderit,
1038 2126 1346 2210 triumphi
1399 2127 1601 2209 gloria
1644 2134 1974 2210 reputatur
2022 2124 2341 2206 indignus.

441 2229 754 2291 Praeterea
781 2230 863 2291 ab
895 2238 1122 2292 octavo
1154 2229 1354 2312 gradu
1386 2230 1763 2312 capricorni,
1795 2251 1999 2314 usque
2031 2226 2112 2290 ad
2145 2226 2341 2308 gemi-

442 2350 581 2407 noS,
613 2331 949 2393 tibicinum
997 2341 1060 2393 et
1104 2332 1500 2396 cornicinum
1546 2333 1860 2395 exultatio
1901 2329 2340 2412 conquiescit;

443 2429 569 2491 nisi
606 2430 798 2512 lupus
838 2441 949 2492 aut
987 2428 1190 2492 hostis
1232 2429 1590 2506 immanior,
1628 2431 1730 2493 leo
1778 2432 1958 2505 forte,
1999 2432 2099 2493 vel
2144 2430 2346 2510 tigris,

443 2541 556 2593 aut
575 2530 838 2614 pardus,
857 2531 922 2592 in
941 2530 1224 2614 praedam
1241 2531 1506 2610 venerit,
1524 2550 1671 2615 quae
1692 2530 1947 2613 quidem
1968 2541 2344 2603 nostratum,

446 2630 593 2693 Deo
633 2630 1043 2714 propitiante,
1081 2652 1221 2694 rara
1261 2628 1458 2712 gloria
1495 2643 1614 2706 est,
1659 2653 1854 2714 quum
1897 2641 2107 2693 tamen
2149 2631 2344 2692 totius

446 2733 596 2795 anni
651 2732 981 2816 prolixitas
1031 2734 1223 2795 variis
1271 2734 1636 2796 venantium
1694 2732 1923 2797 studiis
1976 2742 2344 2815 occupetur.

444 2833 679 2896 Albani
718 2833 979 2917 quidem
1024 2835 1093 2896 in
1124 2835 1277 2897 Asia
1322 2856 1516 2898 canes
1558 2837 1803 2900 habent
1843 2837 2143 2900 leonibus
2172 2836 2345 2898 forti-

441 2956 614 2997 ores:
662 2956 773 2998 eos
805 2936 1032 2998 virtute
1065 2957 1320 3014 canum,
1348 2948 1416 3001 et
1444 2959 1575 3001 suae
1608 2939 1818 3020 gentis
1847 2939 2141 3009 artifici0‚
2166 2937 2347 3020 quasi

443 3034 736 3096 imbelles
766 3036 1074 3098 bestiolas
1113 3040 1517 3119 populantur.
1595 3040 1883 3103 Canibus
1926 3037 2187 3120 quidem
2218 3037 2347 3098 illis

443 3135 622 3197 nulla
650 3134 918 3197 ferarum
951 3137 1188 3212 fortior,
1219 3138 1394 3199 nulla
1426 3139 1770 3201 animosior
1800 3151 1913 3200 est.
2008 3134 2148 3200 Hos
2182 3139 2347 3201 Her-

443 3238 624 3301 cules
662 3236 1016 3317 tergemino
1059 3237 1340 3300 Gerione
1383 3240 1571 3309 victo,
1622 3241 1703 3302 ab
1754 3238 1944 3302 Italia
1983 3240 2234 3324 trajecit
2277 3243 2344 3303 in

446 3337 687 3415 Asiam,
710 3337 804 3400 eis
832 3338 1123 3400 virtutem
1157 3361 1284 3422 qua
1313 3340 1533 3403 leones
1563 3349 1935 3419 sternerent,
1958 3342 2136 3424 quasi
2169 3342 2345 3404 here-

443 3440 738 3504 ditariam
787 3439 1254 3523 derelinquens.
1346 3441 1445 3505 Ad
1498 3444 1634 3507 haec
1686 3443 2079 3507 carnificium
2126 3465 2346 3507 eorum

443 3551 642 3604 artem
673 3543 895 3623 exigit,
930 3552 995 3604 et
1023 3551 1220 3605 artem
1252 3543 1424 3620 facit,
1458 3565 1641 3607 suum
1671 3546 1868 3609 habet
1896 3545 2219 3629 opificem,

800 3647 1207 3699 Chironomanta
1232 3648 1425 3702 volanti
1449 3649 1697 3717 Cultello,

444 3767 617 3808 nunc
658 3745 937 3828 pugione
979 3746 1220 3823 strict0,
1252 3768 1425 3810 nunc
1466 3749 1768 3813 hebetata
1808 3751 2127 3814 machaera
2165 3753 2349 3816 mira-

445 3847 619 3923 bilis,
649 3846 704 3908 si
741 3856 802 3908 te
835 3866 992 3908 casu
1036 3847 1362 3910 solemniis
1405 3869 1624 3911 eorum
1664 3850 1997 3932 contigerit
2026 3852 2349 3915 interesse.

446 3946 623 4009 Cave
655 3955 869 4009 tamen
902 3968 982 4008 ne
1014 3947 1286 4011 Martem
1318 3950 1628 4033 loquendi
1669 3953 1860 4014 verbo
1891 3953 2117 4036 quovis
2148 3954 2351 4016 offen-

450 4046 604 4123 das;
659 4046 810 4129 quia
839 4058 949 4109 aut
979 4048 1332 4129 vapulabiS,
1364 4060 1474 4112 aut
1513 4050 2044 4116 condemnaberis
2076 4052 2349 4117 inscitiae

447 4148 765 4210 bonorum
814 4149 1123 4228 omnium,
1172 4151 1225 4212 si
1277 4172 1498 4214 eorum
1549 4152 1855 4235 figmenta
1904 4175 2032 4216 non
2081 4152 2354 4214 noveris.

451 4247 619 4310 Haec
638 4258 787 4311 sunt
809 4250 1204 4331 temporibus
1221 4253 1454 4315 nostris
1475 4254 1764 4317 liberalia
1783 4253 2095 4315 nobilium
2119 4248 2354 4324 studia,
