3309 5309
212 707 284 753 car.
299 686 422 766 xxvia]
579 704 834 751 ronrcanrrcns.
1108 689 1169 753 149

215 870 339 944 partem
367 880 440 920 cum
467 878 515 930 eo,
542 877 637 940 quem
664 857 808 935 avaritia,
834 855 932 930 fastu,
958 854 1171 919 obstinatione

216 959 344 1036 mentis,
356 958 460 1022 fuerat
471 958 672 1042 insequutus.
719 955 782 1021 Sed
799 956 879 1020 falso
889 955 1064 1030 blanditur,
1080 957 1169 1042 inge·

215 1082 289 1124 rens
319 1082 407 1144 spem
438 1058 567 1144 quietis,
594 1057 671 1121 dum
702 1081 735 1120 se
765 1071 858 1141 gestu
889 1070 920 1121 et
948 1058 1053 1121 verbis
1081 1080 1169 1122 men·

216 1159 298 1225 titur
329 1160 502 1239 Samulem,
530 1159 581 1223 cui
611 1172 734 1223 certum
764 1173 822 1233 est,
859 1158 1005 1223 collatam
1035 1183 1102 1223 esse
1135 1161 1169 1222 iu

216 1261 325 1347 quiete
340 1262 444 1325 sedem
461 1285 480 1325 a
496 1260 645 1337 Domino,
656 1263 739 1324 inter
754 1284 807 1324 eos
823 1259 878 1346 qui
889 1261 1041 1326 invocant
1057 1283 1171 1325 nomen

214 1354 295 1447 ejus.
341 1362 427 1439 Quid
448 1385 526 1448 ergo
550 1361 635 1425 Sauli
659 1361 814 1425 Samuelis
836 1360 897 1438 sui,
913 1361 964 1423 vel
982 1363 1091 1447 potius
1106 1365 1170 1447 Py·

215 1464 336 1540 thonis‚
354 1464 503 1550 profuere
525 1467 697 1549 responsa?
735 1465 889 1526 Potuerat
909 1462 992 1527 forte
1012 1485 1073 1526 non
1088 1486 1172 1550 proe-

216 1567 359 1631 monitus
382 1588 508 1651 sperare
530 1563 672 1640 meliora,
688 1576 720 1628 et
743 1564 853 1628 saltem
878 1563 956 1627 dum
977 1562 1080 1628 alieno
1098 1588 1172 1628 con·

216 1667 383 1732 foderetur
408 1667 516 1751 gladio
544 1679 725 1752 expectare.
771 1665 901 1729 Oraculi
931 1688 1006 1728 vero
1031 1670 1172 1730 vanitate

217 1768 406 1832 certioratus
420 1766 528 1851 gladio
544 1790 601 1830 sno
623 1767 782 1842 incubuit,
797 1778 830 1829 et
852 1765 884 1831 in
901 1766 1051 1830 extremis
1065 1789 1173 1850 agens,

218 1867 298 1932 dum
321 1869 460 1954 propriae
481 1867 592 1952 gloriae
608 1866 805 1946 consulebat,
819 1869 875 1950 qui
891 1867 1004 1931 fortius
1019 1867 1099 1930 mori
1114 1891 1173 1954 po-

220 1970 334 2033 tuisset
345 1969 377 2031 iu
388 1968 510 2053 praelio,
522 1991 629 2033 auram
644 1969 810 2032 verborum
824 1968 1002 2053 pertimuit,
1012 1980 1043 2032 et
1055 1967 1172 2032 infirmi

221 2082 253 2133 et
268 2069 419 2155 prostrati
434 2070 531 2133 animi
552 2070 691 2144 consilio,
709 2069 849 2155 corporis
864 2082 897 2133 et
912 2069 1025 2133 animae
1042 2084 1174 2136 mortem

222 2171 345 2236 ascivit.
380 2170 566 2236 Glorientur
577 2184 689 2255 gentes
701 2171 733 2257 in
746 2170 934 2235 fortitudine
949 2194 1017 2252 sua,
1028 2185 1175 2237 auctores

221 2294 331 2336 earum
346 2272 465 2353 dicant,
477 2276 697 2358 unusquisque
712 2273 801 2359 quod
816 2273 921 2350 sentit,
933 2273 1010 2337 dum
1030 2276 1174 2340 Heroum

221 2395 353 2437 suorum
376 2373 487 2438 titulos
508 2374 694 2460 praedicant,
718 2374 796 2438 dum
819 2397 1007 2459 magnorum
1030 2377 1172 2441 virorum

223 2471 445 2537 fortitudinem
476 2487 707 2558 praeconantur.
768 2475 865 2540 Bibat
895 2475 957 2540 illis
991 2477 1176 2541 auctoribus

225 2572 309 2635 Cato
332 2592 498 2652 venenum,
516 2573 661 2637 Vulteius
678 2572 808 2636 dextras
830 2585 862 2636 et
886 2586 1006 2637 mentes
1021 2574 1176 2638 sociorum

221 2684 323 2737 armet
338 2673 378 2736 ad
398 2674 609 2737 voluntariam
631 2686 775 2737 mortem.
820 2675 882 2736 Per
899 2673 1053 2736 mamillas
1068 2674 1107 2737 ad
1123 2696 1179 2738 cor

223 2795 379 2839 venenum
395 2774 541 2861 aspidum
553 2772 727 2837 insanabile
743 2773 914 2859 Cleopatra
929 2772 1078 2859 trajiciat.
1113 2775 1178 2839 Lu-

222 2874 322 2938 cretia
347 2874 479 2938 alienam
507 2872 741 2959 impudicitiam
768 2873 932 2958 sanguinis
954 2877 1005 2939 sui
1026 2874 1178 2939 effusione

223 2974 424 3040 condemnet.
470 2976 543 3059 Ego
557 2974 682 3037 evenire
703 2996 795 3058 posse
817 2996 880 3037 non
901 2975 1050 3053 arbitror,
1066 2989 1102 3040 ut
1122 2999 1179 3041 cu·

219 3076 404 3162 juscunque
433 3074 628 3139 difficultatis
657 3074 803 3151 articulo,
831 3075 922 3138 liceat
949 3075 1079 3161 propria
1104 3098 1180 3140 auc·

226 3179 357 3241 toritate
379 3175 510 3252 homini,
534 3175 592 3238 sibi
616 3188 747 3238 mortem
771 3175 897 3256 inferre,
919 3198 976 3239 nec
1001 3177 1095 3241 etiam
1123 3177 1180 3242 ubi

227 3278 356 3342 castitas
373 3276 582 3363 periclitatur.
627 3277 719 3340 Licet
742 3277 827 3341 hunc
843 3299 950 3340 casum
966 3277 1113 3342 videatur
1127 3301 1182 3345 ex·

227 3379 334 3465 cipere
348 3379 460 3443 doctor
474 3379 529 3443 illc
550 3378 728 3455 doctorum,
745 3379 796 3443 cui
820 3379 851 3443 in
868 3383 1003 3444 sacrario
1018 3379 1180 3446 literarum

230 3481 283 3544 vix
293 3481 432 3567 aliquem
444 3480 548 3545 audeo
560 3502 753 3566 comparare.
790 3484 871 3545 Haec
882 3503 966 3544 mors
977 3481 1104 3546 omnino
1113 3482 1183 3547 des·

227 3594 410 3667 pecatorum
438 3597 495 3658 est,
520 3595 551 3648 et
579 3604 699 3657 eorum,
723 3583 780 3668 qui
807 3581 879 3646 licet
905 3604 1036 3667 corpore
1060 3583 1183 3663 vivant,
1278 3641 1280 3643 ,

227 3683 294 3768 jam
310 3683 424 3748 mentis
439 3698 539 3748 morte
555 3684 753 3769 praemortui,
769 3683 874 3747 animo
889 3683 995 3747 vivere
1009 3684 1183 3751 desierunt.

235 3784 355 3870 Utique
374 3807 437 3848 non
461 3785 618 3862 vivorum,
641 3784 695 3849 sed
714 3787 782 3870 jam
803 3799 1001 3850 mortuorum
1021 3810 1106 3852 mors
1125 3803 1182 3853 est.

232 3885 414 3949 infidelium
427 3909 537 3968 regum
549 3909 700 3972 percurre
710 3888 834 3964 seriem,
846 3888 1051 3969 Hieroboam,
1060 3889 1184 3965 Achab,

230 3987 371 4063 Jezebel,
394 3988 702 4065 Nabuchodonosor,
726 3989 949 4066 Sennacherib,
971 4004 1002 4055 et
1028 3992 1081 4054 alii
1106 4015 1185 4075 quo·

233 4110 303 4152 rum
320 4112 441 4153 errores
458 4112 520 4152 noo
542 4089 662 4154 sufficio
684 4113 840 4167 enarrare,
858 4091 933 4176 quid
947 4091 1060 4155 lucrati
1077 4093 1185 4156 sintin

229 4189 361 4254 vatibus
377 4190 451 4267 suis,
468 4191 525 4277 qui
542 4192 693 4255 videbant
708 4194 754 4256 eis
770 4193 849 4254 salsa
865 4207 896 4256 et
913 4193 1022 4267 stulta,
1041 4214 1096 4253 nec
1112 4215 1186 4277 ape·

230 4292 357 4356 riebant
373 4293 418 4356 eis
433 4293 636 4379 iniquitatem
652 4315 774 4370 eorum,
792 4307 826 4357 ut
842 4317 894 4357 eos
909 4293 949 4356 ad
966 4292 1185 4378 poenitentiam
