3309 5309
364 658 435 705 cnr.
455 643 533 722 xrs]
713 660 965 706 nonrcmrrcns.
1264 652 1324 713 199

365 811 428 876 hoc
445 812 562 875 etenim
579 813 747 895 quaesitum
763 823 820 876 est.
866 813 932 876 Sed
952 814 1082 877 tandem
1098 817 1231 900 placuit,
1249 839 1321 882 eam

363 911 426 975 nisi
450 913 483 974 in
506 913 600 976 bonis
622 934 692 977 esse
714 935 779 976 non
802 935 907 996 posse.
953 916 1075 996 Magna
1097 917 1209 1001 utique
1237 919 1320 983 inter
1383 951 1386 960 ·

362 1014 476 1076 molles
490 1024 523 1076 et
537 1016 637 1077 malos
660 1015 855 1092 concordia3
878 1016 935 1079 sed
950 1037 990 1079 ca
1012 1026 1136 1080 tantum
1155 1040 1174 1082 a
1189 1020 1319 1084 caritate

362 1113 512 1193 discedit,
535 1127 689 1199 quantum
711 1117 769 1178 lux
799 1115 897 1180 distat
926 1139 944 1180 a
973 1116 1125 1181 tenebris.
1169 1120 1214 1183 Et
1243 1121 1319 1185 licet

360 1215 520 1278 interdum
543 1218 628 1296 mali,
660 1217 744 1279 sicut
773 1218 909 1295 athoni,
931 1217 1016 1281 idem
1047 1220 1140 1298 velle,
1170 1230 1203 1285 et
1232 1221 1318 1284 idem

360 1317 447 1380 nolle
457 1318 593 1400 possint,
603 1319 752 1382 amicitiae
762 1329 869 1381 tamen
879 1319 1005 1383 titulum
1016 1342 1083 1384 non
1093 1332 1318 1406 assequuntur.

362 1417 460 1481 Unde
475 1428 508 1481 et
524 1417 647 1500 Crispo,
663 1419 885 1483 historicorum
895 1421 977 1483 inter
991 1421 1124 1485 Latinos
1137 1424 1316 1506 potissimo,

360 1517 418 1581 sed
438 1528 470 1583 et
485 1519 548 1602 ipsi
565 1519 715 1582 Ciceroni
738 1521 869 1602 placuit,
887 1521 922 1584 in
942 1523 1032 1585 malis
1049 1522 1219 1586 factionem
1235 1545 1315 1604 esse,

361 1620 449 1702 quod
465 1620 497 1683 in
520 1621 595 1684 viris
617 1622 712 1683 bonis
728 1643 800 1684 vera
822 1622 963 1685 amicitia
985 1633 1042 1685 est.
1087 1623 1153 1686 Sed
1168 1625 1314 1707 quamvis

358 1722 502 1799 vitiosus,
516 1722 732 1806 praepediente
749 1723 879 1801 malitia,
899 1723 1021 1786 amicus
1037 1745 1107 1786 esse
1124 1746 1188 1787 non
1204 1727 1315 1808 possit,

358 1823 420 1886 etsi
442 1845 507 1887 non
529 1825 732 1904 venerabilis,
755 1827 912 1889 verendus
933 1834 1041 1888 tamen
1065 1826 1134 1905 erit,
1157 1827 1212 1909 qui
1236 1848 1313 1890 con·

357 1924 493 1989 scientia
509 1938 711 2002 secretorum,
719 1926 851 1990 conscio
866 1937 1015 1992 terrorem
1032 1938 1139 2010 potest
1154 1929 1311 1992 incutere.

358 2027 482 2090 Scitum
498 2039 546 2091 est
560 2027 640 2090 illud
655 2028 778 2107 Ethici,
793 2029 869 2111 quia

462 2167 510 2219 Nil
522 2167 571 2220 tibi
582 2184 610 2219 se
622 2167 716 2220 debere
728 2172 810 2238 putat,
822 2167 861 2219 nil
870 2167 983 2222 conferet
995 2186 1117 2238 unquam,

463 2254 623 2324 Participcm
634 2255 678 2323 qui
690 2257 716 2305 te
729 2254 821 2305 secreti
832 2251 895 2305 fecit
905 2253 1018 2306 honesti.

355 2378 431 2440 Hoc
455 2397 582 2460 quoque
599 2376 667 2459 jam
682 2374 806 2458 pridem
826 2377 968 2439 venitin
989 2377 1134 2448 dubium,
1151 2397 1192 2439 an
1208 2397 1308 2459 quen-

355 2500 451 2562 quam
474 2478 609 2540 divitum
630 2486 661 2539 et
681 2488 859 2560 potentum,
879 2499 984 2541 amare
1005 2478 1178 2558 contingat.
1222 2478 1308 2540 Tan-

355 2580 493 2662 demque
515 2589 680 2662 reccptum
703 2589 759 2656 est,
782 2576 912 2640 eosdem
934 2599 1101 2660 nunquam
1124 2598 1242 2650 amare,
1257 2579 1308 2639 vel

351 2701 433 2757 raro,
457 2690 488 2743 et
509 2681 542 2743 in
565 2681 612 2743 eis
627 2680 790 2764 praecipue
806 2679 924 2754 causiS,
946 2679 982 2740 in
997 2679 1114 2762 quibus
1132 2699 1166 2740 se
1188 2678 1307 2760 potina,

353 2804 449 2866 quam
465 2783 546 2845 alios
565 2802 670 2845 amare
691 2778 866 2843 videantur.
912 2779 1080 2842 Contraria
1100 2778 1257 2861 siquidem
1272 2778 1308 2840 in

350 2885 464 2948 eodem
480 2906 549 2948 esse
571 2904 636 2946 non
657 2891 802 2964 possunt.
847 2884 893 2945 Et
913 2903 977 2966 quo
999 2881 1114 2944 divites
1134 2880 1306 2965 plurimum

350 2985 548 3070 cupiditatis,
579 3006 617 3046 eo
654 2984 774 3046 habent
803 2984 967 3045 minimum
1006 2982 1157 3046 caritatis.
1222 2983 1306 3046 Haec

348 3088 468 3151 etenim
498 3085 633 3147 invicem
660 3085 800 3148 maxime
823 3084 1038 3171 adyersantur.
1084 3085 1182 3147 Porro
1204 3093 1240 3146 ut
1261 3083 1306 3146 ait

349 3187 505 3273 quidam:
530 3185 643 3249 Omnis
665 3185 756 3248 dives
778 3185 909 3269 iniquus
932 3197 987 3248 aut
1009 3186 1110 3269 iniqui
1126 3185 1218 3248 heres
1236 3195 1304 3262 est3

348 3300 380 3352 et
401 3286 596 3351 rarissimum
619 3296 677 3364 est,
696 3297 733 3348 ut
753 3285 872 3348 divitiae
893 3285 1035 3361 affluant,
1054 3285 1117 3348 nisi
1138 3285 1252 3348 amoris
1272 3295 1306 3349 et

350 3389 537 3474 cupiditatis
574 3389 698 3470 glutino
741 3388 926 3452 solidentur.
996 3389 1063 3451 Eas
1093 3387 1303 3452 desiderantis

345 3491 446 3565 animi
462 3488 624 3571 vigilantia
638 3503 670 3553 et
684 3488 775 3554 labor
788 3490 946 3573 acquirit3
969 3488 1027 3552 sed
1049 3489 1163 3570 aegrior
1182 3489 1300 3552 sollici-

348 3592 426 3657 tudo
442 3592 557 3654 retinet
572 3600 606 3653 et
621 3603 799 3670 conservat.
844 3590 957 3675 Inquit
971 3591 1128 3654 Ethicus:

453 3719 516 3771 Non
527 3721 610 3772 minor
621 3726 662 3772 est
673 3721 763 3785 virtus,
775 3737 853 3789 quam
866 3737 988 3789 quaerere,
1000 3723 1075 3790 parta
1086 3719 1169 3771 tueri:

487 3805 572 3858 Casus
583 3806 651 3859 inest
663 3805 725 3870 illic,
736 3806 778 3857 hic
790 3806 840 3858 erit
851 3806 914 3857 artis
926 3822 1001 3876 opus.

346 3932 455 4004 Quum
478 3948 554 4008 ergo
576 3926 662 3990 istud
681 3949 742 4004 ars,
756 3927 838 3990 illud
854 3948 947 3990 casus
969 3926 1099 3990 nomine
1121 3935 1298 4002 censeatur,

347 4033 419 4116 quis
449 4050 503 4093 eas
534 4029 603 4092 sine
633 4029 849 4112 applicatione
875 4029 992 4092 mentis
1020 4029 1147 4091 intensa
1177 4026 1297 4087 diutius

347 4129 472 4196 servati
502 4132 595 4195 Certe
610 4144 700 4194 vetus
715 4131 916 4214 proverbium
933 4144 1000 4193 est:
1024 4130 1108 4202 Quia
1127 4127 1183 4189 ubi
1199 4146 1296 4198 amor,

344 4234 391 4297 ibi
406 4235 540 4310 oculus3
562 4244 594 4295 et
610 4233 663 4295 nbi
679 4233 753 4312 vigil
772 4233 887 4296 mentis
908 4231 1052 4305 intentio,
1068 4229 1112 4290 ibi
1137 4227 1204 4286 fixa
1227 4246 1295 4285 cor·
