3309 5309
345 662 416 707 cae.
431 647 522 723 vim]
696 665 949 710 nonrcnnrrcus.
1238 649 1297 710 183

346 813 494 898 singulis,
509 817 549 880 de
560 818 650 880 nullo
666 818 814 880 subtilem
830 817 999 881 reddentes
1012 818 1175 884 rationem.
1199 817 1296 890 Quod

346 917 374 982 si
384 919 448 981 hoc
458 918 562 1002 ipsum
575 919 730 1002 patienter
739 918 924 997 admittitur,
932 940 970 981 ea
981 941 1053 1002 quae
1066 941 1085 982 a
1097 919 1297 1002 philosophis

347 1019 490 1101 gentium
512 1020 652 1102 publicae
674 1019 820 1083 utilitatis
838 1020 938 1102 gratia
956 1020 1076 1104 scripta
1093 1030 1179 1099 sunt,
1194 1018 1298 1082 audiri

349 1120 430 1202 quid
444 1120 617 1203 prohibet?
641 1120 851 1203 Quaecunque
862 1119 947 1182 enim
960 1120 1076 1203 scripta
1090 1119 1299 1203 sunt,inquit,

349 1220 392 1284 ad
416 1233 557 1285 nostram
580 1220 757 1284 doctrinam
783 1221 899 1304 scripta
924 1232 1009 1298 sunt,
1034 1232 1070 1285 ut
1094 1243 1152 1304 per
1173 1221 1297 1303 patien-

350 1323 427 1386 tiam
442 1332 474 1387 et
489 1323 741 1387 consolationem
764 1323 987 1406 scripturarum
1006 1344 1097 1406 spem
1111 1324 1297 1386 habeamus.

349 1425 438 1487 Dum
459 1425 542 1488 enim
566 1445 630 1508 pax
655 1425 746 1486 abest
771 1423 847 1487 filiis
872 1424 987 1499 Adam,
1012 1424 1068 1508 qui
1093 1425 1135 1488 ad
1156 1426 1299 1488 laborem

348 1523 417 1586 nati
433 1531 516 1600 sunt,
532 1524 632 1607 parati
643 1522 684 1585 ad
699 1523 836 1604 flagella,
848 1523 996 1605 concepti
1010 1523 1044 1584 in
1061 1523 1212 1605 peccatis,
1223 1522 1301 1586 editi

348 1625 382 1687 iu
397 1625 518 1698 labore,
533 1646 598 1687 uon
614 1635 680 1686 tam
691 1632 803 1686 euntes
818 1644 915 1706 quam
926 1633 1087 1686 currentes
1103 1621 1143 1685 ad
1159 1635 1301 1698 mortem,
1367 1625 1370 1629 ’

351 1748 416 1810 qua
437 1726 516 1788 nibil
539 1725 657 1788 tristius
679 1735 737 1800 cst,
761 1723 938 1787 necessaria
959 1734 1009 1787 est
1029 1723 1193 1806 patientia,
1214 1719 1302 1786 utilis

350 1826 542 1902 consolatio,
563 1840 636 1908 quae
659 1826 699 1890 de
714 1828 786 1889 oleo
805 1826 922 1889 laetitiae
942 1826 975 1887 in
991 1825 1199 1903 conscientia,
1214 1835 1247 1888 et
1262 1824 1302 1887 de

350 1926 565 1990 immensitate
580 1927 758 1989 clementiae
781 1927 856 2005 Dei,
874 1926 1117 2009 praedestinatos
1138 1925 1179 1989 ad
1196 1925 1304 2002 vitam,

353 2049 411 2111 spe
426 2027 603 2090 futuromm
625 2028 712 2091 fovet
726 2038 759 2091 et
772 2029 907 2091 roborat.
952 2031 981 2092 O
1000 2038 1108 2091 custos
1125 2027 1303 2104 hominum,

352 2130 460 2214 inquit
479 2131 593 2193 beatus
613 2131 689 2207 Joh,
708 2129 840 2192 humani
860 2130 984 2212 generis
1007 2130 1202 2194 calamitates
1218 2129 1302 2190 inse

352 2232 547 2314 exprimenS,
576 2253 674 2316 quare
704 2230 840 2314 posuisti
868 2253 919 2294 me
949 2231 1141 2295 contrarium
1171 2231 1240 2305 tibi,
1271 2239 1304 2292 et

352 2333 457 2396 factus
472 2354 540 2396 sum
558 2332 703 2397 mihimet
716 2333 777 2416 ipsi
800 2332 926 2415 gravis?
951 2335 1057 2397 Nemo
1079 2332 1237 2417 siquidem
1252 2339 1303 2395 est

353 2435 419 2518 qui,
434 2435 637 2517 exigentibus
652 2434 768 2518 culpis,
783 2434 817 2496 in
833 2435 938 2518 seipso
952 2456 1017 2498 non
1032 2434 1174 2498 inveniat
1188 2453 1303 2496 causas

352 2537 581 2621 materiamque
603 2536 733 2614 doloris,
748 2556 849 2619 quum
863 2535 965 2619 ipsius
979 2536 1194 2619 philosophiae
1216 2535 1304 2597 testi-

352 2638 473 2716 monio,
492 2639 667 2723 unicuique
687 2638 852 2719 contingat
872 2637 997 2714 adesse,
1018 2634 1106 2719 quod
1127 2636 1239 2711 nollet,
1254 2635 1304 2698 vel

352 2740 475 2818 abesse,
490 2740 579 2823 quod
593 2741 698 2802 vellet.
743 2738 840 2802 Unde
856 2747 888 2800 et
901 2737 1008 2801 fidelis
1023 2736 1140 2814 anima,
1154 2736 1208 2799 cui
1223 2756 1303 2798 verae

352 2840 561 2904 beatitudinis
575 2839 691 2922 gaudia
706 2838 904 2916 differuntur,
925 2858 999 2900 curn
1018 2837 1157 2900 inferiori
1177 2837 1306 2918 irriguo,

351 2940 507 3023 irriguum
521 2941 666 3025 superius
681 2940 770 3022 petit.
816 2941 863 3003 Ut
877 2959 953 3021 ergo
964 2939 1128 3020 gentilium
1144 2938 1307 3021 figmentis

352 3043 442 3126 pium
454 3041 730 3106 accommodemus
740 3041 1006 3118 auditum,reru1n
1016 3041 1157 3104 omnium
1168 3041 1308 3121 tragicus

353 3142 431 3206 finis
446 3149 505 3203 est.
549 3143 614 3204 Aut
629 3141 658 3203 si
671 3161 790 3204 nomen
801 3140 979 3204 Comoediae
991 3138 1161 3221 gratiosius
1172 3148 1230 3218 est,
1241 3160 1306 3202 non

355 3243 441 3308 duco
454 3242 667 3305 contentionis
682 3241 800 3322 sunem,
811 3241 889 3304 dum
901 3250 1025 3305 constet
1038 3241 1120 3304 inter
1134 3261 1204 3316 nos,
1220 3238 1307 3324 quod

354 3344 420 3408 fere
436 3351 522 3405 totus
538 3341 690 3419 mundus,
699 3340 798 3425 juxta
815 3341 1012 3419 Petronium,
1029 3350 1181 3406 exerceat
1200 3340 1305 3404 histri·

355 3465 461 3509 onem.
520 3443 615 3518 Quod
646 3443 835 3526 etquidem
865 3443 1017 3526 temporis
1046 3443 1143 3506 nostri
1171 3441 1307 3525 scriptor

356 3547 512 3630 egregius,
522 3545 702 3609 infidelium
712 3555 819 3609 tamen
835 3545 950 3621 verbis,
960 3546 1122 3627 eleganter
1130 3544 1304 3627 expressit:

460 3724 597 3780 Ridiculus
607 3725 742 3778 hominum
749 3691 841 3778 'versat
851 3742 906 3778 sors
918 3742 986 3778 caeca
997 3724 1109 3789 labores,

532 3810 634 3864 Saecula
645 3817 733 3864 nostra
741 3813 825 3881 jocus,
836 3811 1025 3881 ludibriumque
1038 3813 1114 3866 Deis.

360 3963 469 4048 Hujus
484 3963 592 4048 itaque
608 3973 671 4027 tam
686 3964 864 4044 immensae,
879 3976 945 4030 tam
968 3967 1122 4032 mirabilis
1136 3976 1169 4032 et
1183 3969 1309 4030 inenar-

359 4065 469 4129 rabilis
484 4065 664 4147 Tragoediae
679 4068 730 4130 vel
745 4067 922 4132 Comoediae
939 4071 1108 4146 theatrum,
1123 4090 1186 4153 quo
1200 4068 1310 4148 peragi

360 4167 472 4250 possit,
487 4167 518 4229 ei
533 4166 717 4232 mirabiliter
727 4178 922 4252 coaequatur.
968 4171 1074 4234 Tanta
1088 4179 1137 4230 est
1146 4186 1221 4229 area
1230 4165 1312 4247 ejus,

361 4277 500 4351 quantus
529 4278 561 4331 et
589 4270 684 4333 orbis.
741 4270 975 4334 Difficillimum
1004 4281 1053 4334 est
1082 4278 1117 4331 ut
1145 4266 1314 4350 quisquam
