3309 5309
300 661 304 667 '
345 660 408 718 996
604 671 739 715 roruurs
755 666 1034 713 sanasnmuausrs
1164 645 1249 721 [aru.
1264 661 1295 705 v.

351 934 429 1018 Cap.
445 938 477 994 9.
502 934 553 996 De
568 934 618 995 laia
629 934 685 1013 qui
699 933 735 993 iu
751 931 911 1012 republica
922 928 1064 991 obtinent
1075 931 1179 991 locum
1191 929 1301 1001 cordis,

392 1042 423 1098 et
437 1036 522 1116 quod
536 1034 642 1115 iniqui
662 1033 794 1094 arcendi
813 1036 893 1093 aunt
908 1051 927 1090 a
942 1030 1084 1091 consiliio
1095 1036 1301 1111 potestatum,

393 1145 423 1200 et
438 1139 476 1199 de
491 1138 601 1198 timore
615 1135 691 1210 Dei,
707 1139 738 1196 et
751 1134 924 1215 snpientia,
939 1138 970 1194 et
985 1132 1201 1213 Philosophia.

396 1295 527 1359 Counrs
542 1292 659 1369 locum,
676 1303 804 1355 auctore
822 1289 1005 1370 Plutarcho,
1018 1290 1156 1354 Senatus
1170 1292 1301 1358 obtinet.

355 1397 491 1461 Senatus
512 1416 597 1471 vero,
617 1393 699 1458 sicut
720 1392 893 1478 majoribus
917 1391 1048 1476 placuit,
1069 1392 1164 1456 officii
1188 1416 1312 1459 nomen

351 1481 410 1579 est,
421 1510 454 1562 et
465 1497 563 1562 habet
574 1496 676 1560 aetatis
688 1505 806 1560 uotam.
846 1493 1013 1580 Siquidem
1025 1510 1154 1560 senatus
1164 1495 1305 1562 dicituro

353 1614 527 1667 senectute.
574 1599 658 1663 Eum
675 1620 749 1662 vero
765 1597 979 1662 Athenienses
995 1599 1201 1683 Areopagum
1220 1600 1305 1666 dice·

355 1707 443 1782 baut,
460 1703 599 1791 eoquod
622 1701 654 1766 in
675 1701 737 1766 iliis
756 1701 853 1765 totius
872 1700 981 1787 populi
996 1700 1095 1765 virtus
1110 1702 1305 1781 consisteret,

355 1820 388 1873 et
403 1830 502 1894 quum
526 1808 566 1870 ab
593 1805 639 1870 eis
661 1804 813 1890 praeclara
835 1803 972 1889 plurima
994 1803 1124 1869 inventa
1137 1804 1212 1882 siut,
1229 1806 1306 1871 nibil

355 1911 521 1984 salubrius,
534 1908 612 1973 nihil
623 1907 787 1993 gloriosius
797 1905 977 1971 institutum
992 1918 1039 1971 est
1050 1929 1147 1995 quam
1162 1911 1305 1976 Senatus.

357 2011 446 2088 Quid
469 2011 554 2076 enim
581 2009 718 2074 nobilius
739 2020 788 2073 est
811 2018 896 2072 coetu
918 2030 1043 2088 senum,
1065 2008 1120 2095 qui
1142 2011 1269 2076 emeriti
1289 2035 1309 2077 a

356 2115 539 2200 vulgaribus
567 2112 686 2190 officiis,
710 2111 751 2176 ad
777 2111 900 2176 consilii
922 2123 955 2175 et
979 2111 1141 2196 regiminis
1171 2112 1306 2179 officium

357 2228 534 2293 transeunt,
565 2227 598 2279 et
626 2215 659 2278 in
689 2214 831 2280 marcido
865 2235 996 2300 corpore
1029 2226 1165 2280 exerunt
1193 2218 1309 2283 mentis

358 2317 463 2383 vires?
490 2317 539 2380 Eo
554 2316 718 2403 sapientias
734 2317 836 2401 magis
851 2317 916 2401 apti
932 2316 1077 2401 negotiis,
1093 2338 1158 2404 quo
1172 2316 1205 2382 in
1222 2340 1310 2384 exer·

356 2420 438 2485 citiis
453 2418 590 2504 corporis
612 2418 718 2483 rniuus
740 2433 880 2504 possunt.
928 2419 1047 2484 Eorum
1070 2420 1183 2506 utique
1205 2433 1310 2487 tantus

359 2526 459 2588 honor
474 2521 579 2587 extitit
592 2520 677 2608 apud
694 2522 836 2598 Graecos,
852 2534 888 2585 ut
906 2521 1003 2586 duces
1020 2521 1222 2608 Reipublicae
1239 2548 1310 2590 nus-

359 2648 455 2713 quam
487 2623 704 2711 procederent,
735 2623 815 2687 uihil
845 2625 1008 2710 egregium
1039 2638 1199 2711 ageretur,
1225 2629 1309 2716 quod

358 2754 450 2796 senes
475 2729 612 2796 instituti
636 2752 698 2794 uon
725 2729 923 2806 iuducereut,
950 2743 1007 2794 aut
1030 2732 1254 2817 approbarent,
1280 2748 1311 2800 et

359 2833 445 2921 quod
461 2833 560 2917 magis
575 2843 623 2896 est
637 2832 678 2897 ab
689 2831 779 2896 initio
795 2831 881 2897 urbis
896 2832 1045 2915 couditoe,
1056 2835 1187 2901 uomina
1201 2859 1308 2904 eorum

359 2936 463 3002 aureis
477 2935 576 3000 literis
598 2935 713 3021 scripta
736 2948 818 3001 sunt.
866 2935 994 3022 Ipsique
1016 2947 1123 3023 patres
1142 2939 1309 3026 conscripti

359 3038 522 3127 appellati,
538 3038 593 3126 qui
608 3038 686 3103 alios
701 3039 865 3124 sapientia,
880 3050 987 3121 astate,
1001 3050 1034 3103 ct
1049 3039 1166 3107 affectu
1181 3054 1311 3129 paterno
1373 3106 1377 3110 .

362 3142 596 3230 praecedebant.
628 3141 732 3206 Penes
743 3141 818 3206 istos
830 3140 1031 3207 consiliorum
1048 3155 1118 3209 erat
1131 3148 1311 3223 auctoritas,

362 3257 394 3310 et
409 3244 551 3309 omnium
574 3243 702 3331 publice
722 3245 945 3329 gerendorum.
992 3247 1156 3312 Caeterum
1176 3249 1253 3314 licet
1271 3250 1310 3314 ab

362 3359 456 3411 aetatc
476 3348 613 3413 nominis
628 3348 773 3413 videatur
794 3370 862 3412 esse
883 3348 980 3434 origo,
997 3348 1080 3415 hanc
1099 3374 1161 3437 ego
1181 3353 1313 3418 arbitror

361 3463 427 3514 tam
443 3450 580 3534 corporis
591 3473 659 3515 esse
674 3473 770 3537 quam
786 3450 912 3516 mentis.
943 3450 1037 3517 AEtas
1047 3475 1188 3542 namque
1199 3454 1313 3519 mentis

363 3550 518 3637 sapientia
546 3561 603 3630 est,
634 3553 667 3617 in
696 3576 760 3641 qua
794 3553 937 3618 omnium
968 3554 1141 3621 officiorum
1172 3557 1315 3623 consistit

362 3654 552 3735 distributio,
576 3668 610 3720 et
634 3655 803 3721 artificium
830 3656 927 3721 totius
952 3656 1037 3724 vitae.
1083 3660 1146 3724 Ars
1175 3683 1312 3747 namque

364 3771 449 3819 recte
465 3757 592 3821 vivendi
608 3763 656 3840 (ut
673 3759 787 3824 Stoicis
801 3759 917 3847 placet)
933 3783 983 3826 ars
997 3760 1114 3827 artium
1130 3773 1188 3828 est.
1235 3763 1314 3828 Nul-

363 3857 427 3920 lam
451 3878 526 3919 vero
555 3879 623 3922 esse
652 3871 754 3924 artem
778 3862 989 3928 maximarum
1015 3887 1133 3942 rerum,
1158 3888 1259 3953 quum
1281 3866 1313 3931 in

363 3957 503 4024 minimis
518 3979 645 4045 quoque
662 3974 762 4025 artem
783 3987 852 4029 esse
872 3965 978 4032 nullus
995 3967 1130 4051 ignoret,
1145 3969 1253 4055 opinio
1268 3981 1315 4034 est

362 4065 528 4126 homiuum
550 4083 660 4146 parum
681 4064 877 4132 considerate
898 4069 1109 4157 loquentium,
1126 4083 1158 4136 et
1179 4073 1213 4136 in
1228 4094 1315 4136 max-

362 4166 435 4230 imis
453 4165 549 4230 rebus
571 4163 755 4244 errantium,
771 4169 880 4234 omnia
900 4172 1002 4258 magis
1024 4196 1081 4258 pro
1103 4174 1197 4239 libito
1218 4186 1317 4240 statu·

363 4268 495 4350 eutium,
517 4290 612 4354 quam
637 4291 694 4356 pro
713 4269 855 4339 veritate.
904 4275 960 4340 Est
980 4289 1100 4357 autem,
1121 4289 1157 4342 ut
1180 4277 1316 4364 antiquis
