3309 5309
343 666 407 724 282
609 672 745 719 scaurus
762 670 1042 716 saansasamusm
1172 654 1254 734 [nra.
1270 673 1300 717 v.

346 843 427 902 tum,
444 840 476 892 et
488 823 683 891 Plutarchus
698 822 730 886 in
745 835 860 886 octavo
874 821 1126 888 memorabilium
1143 821 1242 887 dicit:
1268 822 1301 885 Si

345 953 441 1017 super
451 929 579 1016 palmae,
590 923 880 1012 inquiunt,arboris
889 924 1024 1010 lignum,
1034 947 1151 1010 magna
1160 924 1300 1010 pondera

346 1031 502 1116 imponas,
531 1051 568 1092 aa
595 1037 720 1090 tantum
750 1025 891 1111 graviter
917 1048 1041 1110 urgeas,
1068 1039 1101 1090 et
1124 1047 1246 1105 oneres,
1267 1037 1301 1089 nt

347 1129 537 1217 magnitudo
547 1126 651 1192 oneris
661 1125 810 1192 sustineri
821 1139 971 1211 nequeat,
981 1126 1300 1201 nondeorsumcedit,

348 1257 406 1299 nec
421 1232 454 1295 in
470 1245 586 1296 terram
602 1227 755 1303 flectitur,
770 1227 824 1291 sed
846 1227 999 1292 adversus
1013 1227 1142 1314 pondus
1156 1229 1302 1313 resurgit,

348 1347 380 1400 et
396 1355 521 1398 sursum
537 1333 662 1405 nititur,
686 1342 949 1415 recurvaturque.
997 1332 1183 1415 Propterea,
1198 1330 1301 1416 iuquit

351 1435 557 1511 Plutarchus,
573 1432 694 1517 placuit
716 1431 855 1518 palmam
878 1431 1004 1517 signum
1028 1452 1100 1495 esse
1116 1432 1258 1497 victoriae
1272 1435 1303 1497 in

349 1535 587 1612 certaminibus,
602 1534 753 1620 quoniam
769 1533 849 1619 ligni
865 1533 1026 1619 ingenium
1047 1532 1232 1620 hujusmodi
1247 1547 1305 1613 est,

351 1654 389 1707 ut
405 1637 595 1723 urgentibus
614 1635 934 1723 opprimentibusque
955 1656 1019 1700 uon
1038 1635 1142 1700 oedat.
1189 1637 1305 1700 Fertur

351 1742 429 1808 item
443 1738 533 1826 quod
543 1761 651 1803 ramus
665 1737 870 1824 ejuspalmae,
882 1759 956 1822 quae
970 1737 1084 1801 Graece
1093 1736 1214 1802 dicitur
1225 1737 1306 1800 basi·

351 1843 445 1920 leros,
463 1841 556 1907 avelli
579 1860 642 1904 nun
664 1850 780 1925 potest,
803 1839 828 1903 si
852 1838 999 1904 trahatur
1020 1838 1182 1914 deorsum,
1200 1839 1254 1904 sed
1278 1839 1303 1903 si

353 1965 475 2010 sursum
492 1940 650 2027 producas
665 1938 759 2005 cedit.
804 1942 940 2005 Constat
955 1952 1062 2005 antem
1080 1941 1158 2027 quia
1174 1954 1305 2006 truncus

352 2044 478 2130 palmae,
492 2043 540 2108 rel
557 2043 656 2128 stipes
666 2065 687 2107 a
702 2042 808 2107 radice
822 2041 1035 2120 contrahitur,
1048 2043 1103 2107 sed
1119 2042 1152 2106 in
1168 2043 1305 2130 superio·

352 2147 443 2213 ribus
464 2145 628 2211 dilatatur.
674 2146 772 2209 Secus
793 2155 902 2208 antem
926 2147 1028 2209 estin
1050 2145 1165 2230 quavis
1186 2145 1306 2226 arbore,

352 2270 427 2333 quae
451 2258 540 2310 tanto
571 2246 673 2330 magis
695 2246 862 2330 turgescit,
885 2244 973 2332 quod
1003 2245 1045 2310 ad
1068 2258 1184 2309 terram
1212 2247 1307 2332 stipes

353 2347 487 2412 vicinius
502 2346 633 2411 aocedlt.
680 2348 742 2411 Per
755 2351 892 2433 palmam
909 2372 989 2434 ergo
1006 2348 1204 2434 significatur
1214 2348 1307 2434 justi-

352 2449 399 2516 tia
411 2447 611 2526 invincibilis,
629 2471 702 2533 qnae
725 2448 911 2515 descensum
928 2472 991 2515 non
1010 2449 1112 2527 novit,
1136 2449 1190 2514 sed
1207 2450 1306 2514 solum

353 2551 396 2617 ad
419 2551 583 2638 superiora
604 2573 797 2637 processum.
843 2552 939 2618 Unde
949 2553 1058 2638 justus
1079 2564 1116 2616 ut
1132 2552 1238 2639 palma
1252 2550 1306 2615 flo-

356 2653 448 2720 rebit.
472 2653 581 2720 Radix
593 2676 663 2719 mea
671 2666 783 2741 aperta
793 2667 843 2719 est
858 2677 946 2720 secus
957 2677 1067 2741 aquas,
1078 2655 1307 2739 scripturarum

354 2755 468 2841 ntique
489 2768 522 2820 et
538 2754 708 2833 virtutum,
730 2753 906 2840 dequibus
927 2779 1036 2841 supra,
1050 2769 1083 2821 et
1105 2778 1168 2836 ros,
1191 2754 1307 2821 scilicet

352 2858 478 2942 gratiae,
491 2854 667 2921 morabitur
677 2854 710 2919 in
722 2858 878 2921 messione
888 2878 968 2920 mea.
992 2856 1141 2942 Intellige
1152 2857 1305 2921 bonorum

355 2977 499 3042 operum,
516 2977 653 3041 quorum
668 2954 848 3041 manipulos
862 2954 969 3020 electis
983 2970 1115 3043 reponet
1131 2958 1218 3044 apud
1231 2981 1262 3022 se
1276 2957 1307 3021 in

355 3057 411 3124 illa
433 3057 483 3122 die
502 3058 611 3143 justus
634 3057 749 3145 judex.
795 3057 892 3122 Unde
914 3059 1082 3143 sequitur:
1107 3059 1221 3126 Gloria
1241 3082 1308 3124 mea

356 3181 480 3246 semper
494 3159 710 3237 innovabitur,
725 3171 759 3224 et
773 3182 865 3225 arcus
879 3182 969 3225 meus
978 3161 1220 3241 instaurabitur,
1234 3161 1308 3249 quia

501 3293 552 3347 Est
563 3293 661 3362 aliquid
673 3310 724 3362 quo
736 3294 831 3359 tendit,
844 3299 872 3347 et
882 3295 910 3347 in
921 3312 972 3363 quo
984 3295 1074 3364 dirigit
1085 3314 1173 3350 arcum

354 3394 476 3480 justus,

511 3510 539 3563 N
541 3529 570 3564 ao
582 3514 679 3582 passim
691 3515 806 3582 sequitur
817 3532 905 3568 corvos
916 3520 1035 3586 testaque
1044 3518 1161 3589 lutoque.

360 3631 424 3707 Qui
440 3653 489 3694 me
504 3631 690 3712 audiebant,
702 3635 915 3721 expectabant
925 3637 1124 3714 sententiam,
1142 3641 1198 3703 dcc.
1222 3639 1309 3724 Saepe

260 3810 262 3816 Ι
359 3730 494 3812 dictum,
509 3736 695 3799 sententiam
712 3737 744 3800 in
761 3737 846 3801 bono
862 3759 986 3825 semper
1004 3739 1219 3826 accipiendam
1234 3763 1309 3815 esse,

355 3834 455 3921 juxta
462 3832 542 3897 illud
557 3860 563 3898 :
589 3837 771 3924 Sapientior
783 3838 911 3904 videtur
921 3839 981 3905 sibi
996 3845 1088 3928 piger
1099 3855 1220 3930 septem
1237 3840 1310 3906 viris

359 3934 566 4024 loquentibus
589 3942 771 4003 sententias.
816 3940 924 4005 Audis
939 3943 971 4007 in
995 3944 1137 4029 sapiente
1160 3957 1218 4009 tua
1238 3967 1311 4010 con·

360 4061 495 4105 currere.
534 4039 666 4115 Intenti,
679 4039 796 4126 inquit,
808 4044 955 4110 tacebant
963 4045 1004 4109 ad
1014 4045 1183 4111 consilium
1194 4070 1311 4124 meum,

360 4142 465 4207 verbis
489 4139 566 4204 meis
593 4139 673 4205 nihil
700 4141 817 4206 addere
843 4145 1016 4224 audebant,
1047 4147 1188 4214 stillabat
1218 4171 1312 4236 super

361 4267 414 4311 eos
426 4244 589 4330 eloquium
599 4266 714 4310 meum.
739 4246 804 4310 Res
814 4247 915 4313 ardua
927 4249 1082 4316 desiderat
1092 4251 1311 4330 attentionem,
1379 4245 1384 4252 ’
