3309 5309
384 1163 578 1236 torulus
600 1156 993 1235 sunnennnruusn

307 1347 1083 1441 POLYORATICUu

665 1561 722 1595 eme

236 1711 281 1761 Dll
298 1711 400 1792 NUQIS
417 1708 604 1794 cumnnwru
621 1709 662 1759 ΕΤ
678 1702 840 1758 vnsrluus
857 1697 1148 1757 PHILOSOPHORUM.

657 1892 729 1913 -ί-

274 2070 429 2125 INCIPIT
449 2068 704 2124 ENTHETIGUS
723 2067 768 2122 IN
787 2067 1114 2122 POLYCRATICUM.

511 2237 624 2302 Auctor
637 2238 680 2301 ad
692 2260 764 2323 opus
777 2260 873 2302 suum.

220 2371 257 2436 Sr
273 2369 352 2434 mihi
367 2369 549 2454 credideris,
564 2370 707 2456 linguam
724 2371 897 2448 cohibebis,
913 2381 948 2436 et
961 2371 1045 2436 aulae

263 2472 392 2539 Limina
405 2495 469 2538 non
486 2472 585 2538 intret
599 2496 655 2560 pes
669 2484 761 2540 tuus:
784 2487 851 2540 esto
865 2475 964 2540 domi.

218 2576 378 2662 Aspectus
392 2573 559 2639 hominum
575 2585 687 2641 cautus
701 2575 804 2641 vitare
818 2587 992 2654 memento,

262 2676 306 2741 Et
320 2675 380 2740 tibi
395 2675 578 2741 commissas
593 2676 707 2742 claude
721 2676 831 2742 libelle
846 2688 946 2743 notas.

219 2777 340 2843 Omnia
354 2775 418 2841 sint
432 2787 579 2862 suspecta
593 2777 663 2856 tibi,
681 2777 756 2865 quia
770 2778 917 2864 publicus
932 2777 1029 2842 hostis

261 2880 305 2945 Et
319 2880 495 2966 majestatis
509 2880 625 2946 diceris
640 2904 708 2947 esse
724 2904 806 2950 reus.

216 2982 304 3068 Ignis
318 2983 414 3065 edax,
427 2983 616 3071 gladiusque
631 2984 720 3049 ferox
733 2984 793 3049 tibi
809 2984 890 3049 forte
905 2995 1073 3070 paranturr

262 3088 331 3149 Aut
346 3095 378 3148 te
393 3085 516 3170 polluta
529 3086 662 3152 subruet
677 3086 775 3152 hostis
789 3108 885 3173 aqua.

221 3188 334 3265 Quum
349 3197 457 3251 tamen
473 3187 597 3264 exieris,
613 3187 727 3252 faciem
742 3187 863 3253 velabit
876 3185 1021 3262 amictus,

264 3288 521 3375 Deformentque
537 3299 626 3353 tuam
641 3288 745 3374 pulvis
760 3300 793 3353 et
807 3311 885 3354 aure
898 3299 1018 3365 eutem,

219 3392 344 3458 Dextra
358 3393 440 3456 serat
454 3391 587 3476 virgam,
603 3402 728 3477 premat
742 3401 776 3456 et
790 3414 848 3457 sua
862 3393 1001 3457 mantica
1015 3391 1162 3456 dorsumt

261 3494 355 3560 Trita
369 3505 479 3580 tegant
494 3494 632 3559 frontem
647 3494 742 3580 pilea,
757 3516 835 3580 pero
850 3494 977 3580 pedem.

220 3596 270 3662 Sit
283 3596 400 3682 gradus
416 3607 450 3662 et
464 3596 578 3675 cultus,
594 3596 722 3663 habitus
735 3597 921 3683 peregrinus
935 3598 1036 3676 eunti,

263 3699 338 3764 Non
353 3699 413 3764 nisi
427 3698 608 3765 barbariem
622 3699 758 3765 barbara
772 3700 883 3785 lingua
896 3711 997 3766 sonet.

220 3803 272 3868 De
290 3801 493 3870 Pictavorum
508 3802 595 3868 dices
609 3813 641 3868 te
656 3815 752 3888 gente
768 3813 922 3882 creatum,

264 3905 350 3970 Nam
365 3905 441 3970 licet
455 3905 504 3970 his
517 3905 628 3990 lingua
641 3906 789 3971 liberiore
803 3906 902 3994 loqui.
967 3948 969 3952 ι

221 4007 426 4096 Hospitiique
442 4008 538 4072 fidem
554 4031 679 4096 quaeres
693 4031 788 4094 super
802 4009 919 4086 omnia,
936 4032 1000 4096 quo
1015 4011 1056 4075 sis

263 4111 295 4176 Τ
296 4126 368 4177 utus
383 4112 424 4176 ab
439 4110 572 4191 insidiis,
588 4135 667 4200 quas
681 4113 740 4178 tibi
755 4114 889 4199 quisque
904 4125 1004 4199 parat.

223 4211 353 4296 Stultos,
367 4212 540 4298 prudentes
555 4213 700 4294 nimium,
715 4237 891 4302 parvosque
907 4216 1043 4298 cavebis,

266 4313 310 4378 Et
324 4335 403 4400 quos
416 4313 558 4399 insignes
571 4315 698 4400 garrula
712 4315 822 4400 lingua
837 4315 921 4382 facit.

264 4435 335 4481 von.
353 4437 404 4482 111.
684 4439 705 4481 n
