3309 5309
383 645 452 692 cre.
467 631 582 711 xxns]
752 650 1009 699 eoarcnarrcos.
1274 645 1336 706 las

380 819 587 882 personarum
597 813 792 886 potentatus,
806 802 860 865 sed
873 827 979 867 rerum
989 806 1130 870 omniurn
1143 831 1218 893 quae
1233 809 1334 873 videri

380 899 431 962 vel
446 901 580 985 cogitari
601 916 744 988 possunt,
768 915 909 990 potestas
930 918 989 970 est.
1035 907 1121 971 Hinc
1143 909 1223 972 iilud
1246 910 1333 973 Salo·

379 1000 500 1065 monis:
527 1003 639 1067 Omnis
654 1018 795 1090 potestas
810 1028 829 1068 a
845 1006 984 1070 Domino
1000 1011 1071 1072 Deo
1087 1023 1145 1074 est.
1169 1009 1333 1076 Adversus

379 1101 459 1190 hanc
472 1103 561 1168 nulla
572 1128 622 1168 me
632 1129 773 1190 unquam
787 1108 1124 1194 contumaciaerigam,
1137 1124 1243 1176 certus
1254 1112 1332 1197 quia

378 1204 446 1286 ipsa
461 1203 526 1267 sola
542 1219 601 1282 est,
618 1230 691 1292 quae
706 1220 811 1292 potest
825 1207 961 1271 animam
978 1222 1010 1274 et
1024 1233 1141 1296 corpus
1156 1213 1281 1277 mittere
1296 1214 1329 1276 in

376 1304 563 1389 gebennam.

592 1471 674 1556 Cap.
689 1477 740 1536 23.
765 1473 901 1552 Abjectio
916 1475 992 1536 novi
1006 1475 1118 1539 Stoici,

418 1601 554 1666 Rnsrar
564 1601 622 1667 tibi
633 1603 716 1668 illius
727 1605 824 1668 Stoici
839 1609 887 1669 tui
897 1605 1045 1691 quaestio,
1057 1627 1152 1690 quem
1161 1606 1193 1668 in
1205 1606 1327 1692 Apulia

368 1701 494 1768 diutius
509 1718 683 1770 morantem
699 1706 776 1781 vidi,
794 1718 830 1770 ut
846 1719 916 1791 post
934 1705 1051 1770 multas
1072 1706 1208 1790 vigilias,
1229 1708 1326 1792 longa

365 1803 502 1889 jejunia,
516 1805 641 1870 labores
654 1805 810 1893 plurimos
825 1821 857 1872 et
873 1808 1015 1881 sudores,
1036 1820 1127 1873 tanto
1142 1807 1277 1872 infelicis
1291 1822 1324 1873 et

369 1905 494 1969 inutilis
508 1905 593 1969 exilii
609 1920 747 1993 quaestu,
764 1908 798 1972 in
822 1908 944 1972 Gallias
965 1908 1091 1993 Virgilii
1114 1932 1184 1973 ossa
1205 1909 1324 1995 potius,

370 2029 467 2091 quam
483 2029 606 2072 sensum
622 2022 810 2094 reportaret.
857 2011 1029 2087 Quaerebat
1039 2010 1122 2074 enim
1135 2010 1323 2075 Ludovicus

368 2107 433 2186 ille,
449 2133 488 2173 an
504 2133 611 2195 posses
626 2111 746 2198 aliquid
764 2113 867 2176 facere
883 2136 1003 2187 eorum,
1024 2136 1099 2198 quae
1115 2111 1242 2176 minime
1257 2111 1322 2177 fac·

365 2221 460 2274 turus
481 2235 523 2277 es.
569 2213 662 2290 Quod
685 2236 785 2299 quum
808 2214 999 2296 admisisses,
1022 2214 1106 2278 mille
1127 2214 1185 2278 tibi
1208 2236 1321 2277 aureos

365 2312 528 2388 offerebat,
539 2314 616 2379 dnm
633 2315 712 2380 illud
725 2315 874 2381 efficeres
907 2321 996 2391 Quos
1012 2317 1038 2380 si
1049 2316 1134 2381 forte
1143 2339 1319 2402 respueres,

364 2435 419 2477 eos
438 2415 498 2478 tibi
520 2417 718 2500 quantalibet
741 2440 864 2482 summa
887 2416 1092 2501 multiplicari
1110 2416 1257 2501 jubebat,
1281 2429 1319 2480 ut

363 2515 452 2600 quod
467 2515 580 2580 leviter
594 2517 662 2580 fieri
677 2531 781 2603 potest
805 2518 930 2582 efficias.
974 2517 1116 2582 Tandem
1138 2516 1319 2603 impudenti

361 2627 395 2680 et
425 2617 586 2704 impudico
609 2619 792 2683 solvebatur
814 2620 978 2697 cachinno,
1001 2621 1063 2681 vim
1086 2617 1317 2702 conjunctionis

362 2719 579 2804 oppositorum
604 2743 666 2784 non
697 2721 877 2805 intelligens
905 2733 962 2783 aut
988 2732 1204 2796 contemnens,
1228 2729 1261 2782 et
1285 2731 1317 2782 te

359 2818 531 2883 ridiculum
548 2820 768 2885 assistentibus
791 2821 894 2904 digito
917 2818 1116 2894 ostendebat,
1138 2817 1195 2902 qui
1215 2816 1316 2902 gratis

359 2933 482 2984 tantam
512 2921 681 3006 pecuniam
706 2921 957 3004 contempsisses.
1004 2917 1160 3002 Congeris
1182 2917 1214 2982 in
1229 2917 1315 2982 hunc

354 3020 489 3084 modum
503 3022 752 3106 quamplurima.
775 3027 849 3087 Non
862 3032 967 3084 tamen
978 3020 1028 3083 his
1038 3018 1175 3083 stimulis
1188 3041 1314 3103 urgeor,

354 3132 394 3186 ut
418 3121 525 3182 omnia
540 3122 712 3184 necessaria
733 3121 859 3185 credam
883 3120 960 3205 quia
982 3119 1138 3194 sciuntur,
1161 3132 1218 3183 aut
1234 3118 1313 3182 nihil

353 3219 611 3304 contingentium
629 3220 711 3302 sciri,
726 3222 804 3306 quia
814 3222 989 3284 necessaria
1003 3241 1066 3281 non
1082 3229 1167 3282 sunt.
1214 3217 1312 3280 Plane

354 3321 476 3386 sciolus
503 3321 672 3408 paululum
703 3322 781 3387 mihi
811 3345 883 3386 cum
914 3319 1129 3407 peripateticis
1158 3341 1225 3403 prae
1254 3318 1311 3382 illo

354 3422 477 3499 videor,
507 3426 565 3508 qui
596 3423 694 3508 hujus
724 3420 922 3486 difficultatis
951 3419 1100 3504 angustia
1132 3417 1164 3480 iu
1194 3418 1309 3485 Atticis

353 3515 503 3588 noctibus
518 3525 679 3588 confessus
694 3538 753 3601 est,
769 3548 802 3588 se
816 3523 935 3587 nescire
951 3546 983 3586 se
998 3544 1059 3584 uon
1075 3543 1141 3586 esse
1157 3520 1307 3586 cicadam.

353 3694 433 3780 Cap.
451 3703 502 3760 24.
530 3694 626 3762 Quod
639 3695 859 3760 mathematici
877 3697 1042 3759 temerarii
1064 3699 1155 3773 sunt,
1175 3692 1250 3757 indi
1275 3715 1306 3756 a·

393 3799 633 3881 rentersutura
641 3799 767 3878 judicio
782 3819 841 3861 auo
855 3798 1007 3878 subjicere
1018 3803 1256 3878 praesumentes.

395 3931 470 3994 Im
486 3953 629 4016 quoque,
642 3930 715 3995 licet
727 3931 951 3996 dissentiamus
962 3930 993 3993 in
1010 3929 1167 4015 plurimis,
1179 3953 1303 3993 mecum

347 4030 501 4109 fatentur,
532 4055 564 4095 se
587 4033 693 4096 omnia
715 4055 777 4096 non
807 4033 938 4109 nescire,
965 4055 1038 4095 cum
1068 4031 1188 4117 quibus
1219 4043 1304 4092 astra

346 4131 538 4217 loquuntur,
562 4147 593 4198 et
616 4136 671 4220 qui
695 4135 787 4220 quasi
810 4134 850 4198 de
873 4139 942 4220 ipso
965 4133 1139 4197 coelestium
1164 4133 1234 4193 sinu
1250 4153 1303 4192 ex-

345 4233 479 4310 trahunt
490 4234 667 4299 veritatem.
712 4236 775 4313 Qui
788 4259 863 4298 vero
874 4257 982 4297 eorum
996 4230 1215 4295 modestissimi
1227 4244 1301 4294 sunt
