3309 5309
346 678 417 722 car.
432 655 555 740 xxvia]
744 674 1000 719 aonuoaarroos.
1242 664 1301 722 141

346 850 408 891 non
421 838 542 913 parcet,
558 837 590 889 et
602 824 801 912 poenitudine
813 848 876 888 non
886 824 1043 890 flectetur.
1089 828 1203 913 Neque
1217 828 1300 892 enim

345 931 442 993 homo
457 939 517 1004 est,
535 938 570 990 ut
586 939 659 1011 agat
676 925 907 1012 poeuitentiam.
953 929 1000 992 At
1015 927 1069 991 ille
1080 931 1137 1003 ait,
1157 928 1299 993 Peccavi.

346 1029 410 1095 Sed
427 1052 511 1095 nunc
526 1029 646 1093 honora
661 1050 711 1091 me
732 1050 836 1090 coram
854 1027 1029 1092 senioribus
1053 1027 1163 1113 populi
1179 1027 1252 1105 mei,
1267 1041 1300 1092 et

347 1154 453 1195 coram
479 1129 589 1210 Israel,
611 1144 643 1194 et
665 1145 822 1193 revertere
844 1152 980 1209 mecum,
996 1144 1032 1194 ut
1048 1130 1174 1194 adorem
1192 1130 1303 1195 Domi-

348 1258 427 1298 num
443 1237 549 1298 Deum
567 1246 670 1296 tuum,
701 1232 785 1294 Ecce
800 1244 920 1316 quanta
942 1230 1086 1296 elationis
1100 1232 1230 1296 insania.
1263 1233 1303 1294 Se

347 1335 506 1421 dejectum
530 1336 621 1398 audit
635 1359 657 1399 a
672 1333 821 1410 Domino,
846 1347 878 1397 et
901 1346 1006 1397 tamen
1036 1336 1128 1419 quasi
1150 1358 1188 1398 eo
1203 1333 1304 1399 invito

348 1460 483 1522 regnare
510 1435 683 1501 contendit.
729 1437 877 1519 Regnum
905 1435 1026 1500 meliori
1055 1436 1209 1501 traditum
1236 1459 1302 1500 esse

348 1562 411 1603 non
422 1539 567 1622 ambigit,
577 1550 608 1602 et
617 1537 762 1623 privatus
774 1560 830 1623 per
842 1537 1027 1601 senteutiam
1040 1538 1300 1603 irretractabilem

348 1640 440 1725 regni
455 1641 588 1726 gloriam
612 1639 834 1704 fraudulenter
851 1652 996 1725 usurpat.
1040 1641 1171 1705 Corruit
1194 1640 1302 1726 itaque

349 1745 428 1809 dum
444 1744 476 1806 in
498 1743 632 1807 vetitum
658 1742 787 1807 molitur
807 1742 988 1818 ascendere,
1004 1756 1035 1806 et
1059 1741 1096 1806 fit
1122 1743 1225 1827 seipso
1247 1743 1302 1806 de·

349 1847 458 1925 terior,
469 1845 547 1908 dum
560 1844 695 1921 meliori,
707 1843 896 1908 reclamante
905 1842 1055 1921 Domino,
1068 1843 1138 1908 vult
1148 1844 1301 1930 praeferri.

351 1950 488 2013 Fatetur
502 1947 650 2032 equidem
674 1946 813 2031 culpam,
832 1946 885 2010 sed
903 1969 1028 2032 qroenam
1052 1961 1179 2032 portare
1194 1946 1305 2030 dedig-

349 2063 468 2124 natur;
492 2049 552 2112 hoc
572 2062 619 2114 est
647 2049 729 2114 enim
759 2049 847 2134 quod
873 2048 928 2125 ait,
962 2049 1115 2114 Peccavi:
1139 2049 1194 2113 sed
1217 2071 1302 2113 nunc

347 2152 468 2216 honora
479 2175 538 2218 me.
563 2157 607 2216 Ac
620 2152 753 2216 sidicat:
770 2154 878 2225 Quum
889 2151 1028 2216 criminis
1039 2152 1145 2239 culpa,
1157 2151 1302 2217 elationis

349 2256 447 2332 fastu,
464 2255 590 2340 tyranni
604 2254 746 2340 nequitia
754 2254 842 2340 juste
857 2253 1000 2341 dejectus
1010 2258 1168 2320 contemni
1181 2278 1303 2319 merue-

350 2360 421 2437 rim,
433 2379 483 2419 me
494 2357 646 2440 patientia
656 2369 711 2421 tua
721 2356 752 2419 in
764 2371 934 2441 conspectu
945 2380 1054 2423 eorum
1065 2357 1120 2443 qui
1131 2379 1194 2421 non
1206 2378 1303 2422 nove·

346 2473 427 2524 runt
447 2459 611 2523 consilium
631 2459 772 2534 Domini,
790 2459 886 2524 faciat
906 2459 1092 2543 gloriosum.
1129 2464 1302 2525 Revertere

351 2583 428 2645 ergo
444 2583 576 2635 mecum,
595 2573 630 2626 ut
647 2574 704 2625 tuo
718 2559 861 2624 incedam
884 2559 1066 2644 fastigiatus
1082 2559 1249 2645 obsequio,
1270 2571 1302 2624 et

355 2674 444 2727 tanto
458 2663 595 2748 stipatus
610 2662 775 2739 comitatu,
791 2674 882 2726 tanta
897 2661 1085 2725 venerabilis
1104 2662 1305 2744 auctoritate,

352 2764 479 2828 adorem
497 2765 671 2830 Dominum
690 2767 794 2828 Deum
812 2778 916 2835 tuum,
934 2763 1085 2849 quoniam
1101 2785 1204 2827 meum
1219 2763 1304 2828 ultra

352 2866 456 2931 dicere
474 2889 534 2930 non
545 2865 657 2946 audeo,
669 2865 725 2951 qui
741 2866 781 2929 ab
794 2889 831 2929 eo
840 2889 898 2952 per
907 2865 1153 2930 inobedientiam
1165 2865 1306 2948 discessi,

351 2982 382 3033 et
403 2969 508 3032 adh-nc
531 2990 588 3052 per
611 2968 842 3031 contumaciam
869 2967 991 3032 recedo.
1039 2967 1132 3030 Adeo
1150 2967 1305 3053 siquidem

352 3070 549 3135 intumuerat
563 3069 694 3155 spiritus
705 3070 783 3154 ejus,
798 3081 834 3133 ut
846 3093 877 3132 se
889 3093 951 3132 non
963 3069 1059 3133 modo
1068 3069 1199 3149 homini,
1208 3072 1262 3134 sed
1273 3085 1305 3138 et

351 3172 414 3258 ipsi
424 3171 884 3257 Deoseipsumquodammodo
894 3173 1031 3258 propriae
1041 3172 1216 3257 impietatis
1225 3197 1305 3240 ausu

353 3274 533 3362 praeferret.
577 3278 679 3348 Quem
696 3274 779 3338 enim
798 3274 955 3338 Dominus
973 3273 1168 3361 praetulerat,
1184 3290 1307 3362 quanto

352 3378 466 3465 majori
482 3376 585 3462 gratia
601 3376 730 3440 videbat
746 3376 931 3462 praeditum,
953 3391 1042 3442 tanto
1057 3377 1169 3442 acriori
1184 3380 1305 3445 invidia

353 3483 383 3544 ei
400 3480 542 3544 occultas
566 3478 715 3544 tendebat
738 3478 879 3556 insidias,
903 3493 966 3543 tam
991 3480 1183 3556 manifestas,
1207 3505 1304 3568 quam

354 3581 481 3668 iniquas
495 3603 643 3645 exercens
662 3580 863 3646 inimicitias:
888 3594 920 3646 et
935 3603 1001 3668 quo
1020 3582 1217 3649 manifestius
1231 3608 1304 3649 eurn

356 3683 515 3748 Dominus
537 3682 721 3760 extollebat,
737 3684 933 3761 eo‘avidins,
957 3708 1019 3748 non
1036 3696 1100 3748 tam
1117 3685 1304 3770 deprimere,

356 3807 451 3869 quarn
468 3785 655 3869 extinguere
670 3787 860 3870 properabat
869 3786 995 3873 ipsique
1012 3785 1083 3849 Deo
1098 3810 1130 3851 se
1145 3812 1162 3851 e
1178 3790 1306 3873 regione

355 3889 444 3971 ponit
459 3885 652 3972 oppositum,
667 3884 743 3948 dum
761 3886 789 3949 ei
805 3887 963 3973 surripere
984 3901 1039 3952 aut
1055 3888 1175 3976 eripere
1192 3891 1305 3955 nititur

349 3990 424 4074 jura
446 4010 627 4073 regnorum.
674 3988 816 4073 Dignum
841 4013 917 4075 ergo
939 3991 1002 4055 fuit
1028 4005 1062 4055 ut
1078 4015 1140 4055 non
1165 4004 1305 4056 maneret

357 4095 388 4154 in
404 4114 442 4154 eo
464 4090 594 4177 spiritus
610 4091 751 4164 Domini,
768 4091 824 4175 qui
845 4114 1005 4157 corsuum
1022 4116 1083 4157 non
1105 4094 1200 4156 modo
1216 4094 1303 4156 habi-

357 4191 511 4271 taculum,
526 4190 578 4255 sed
596 4203 627 4255 et
644 4205 740 4255 tantae
753 4192 904 4277 nequitiae
920 4193 1035 4257 lecerat
1052 4193 1305 4260 fundamentum.

355 4293 543 4377 Exagitavit
560 4315 632 4357 eum
648 4293 757 4377 itaque
773 4294 905 4378 spiritus
924 4316 1059 4376 nequam
1077 4316 1094 4354 a
1112 4293 1259 4371 Domino,
1276 4311 1306 4360 et
