3309 5309
203 665 275 710 car.
291 649 398 728 xxva]
556 665 809 711 eoavoaarrcus
1097 655 1157 714 las

204 815 335 881 sufficio.
381 815 465 890 Quis
490 817 572 880 enirn
602 817 683 881 adeo
711 818 834 902 sapiens
860 830 918 896 est,
946 831 981 882 ut
1008 818 1157 883 omnibus

204 919 347 1004 cujusvis
356 918 506 1003 imperiti,
516 919 632 983 nedum
644 911 719 999 tuis,
726 919 954 1005 quaestionibus
964 921 1156 986 satisfaciat?

208 1020 327 1084 Totius
352 1020 490 1106 denique
513 1020 628 1084 veteris
654 1020 861 1108 philosophiae
883 1022 1029 1108 princeps
1052 1022 1157 1100 Plato,

206 1119 307 1184 levem
322 1121 605 1214 (utfertur),qnod
620 1135 723 1185 tamen
741 1122 780 1185 de
795 1123 936 1186 Homero
950 1126 1057 1188 verius
1072 1122 1157 1187 dice-

206 1236 307 1299 retur,
332 1222 434 1286 nescio
456 1245 552 1308 quam
579 1236 748 1287 nautarum
771 1224 978 1307 quaestionem
1000 1222 1159 1310 explicare

207 1347 268 1389 non
286 1325 401 1411 potuit.
448 1324 543 1390 Unde
565 1347 664 1410 quum
681 1325 722 1388 ab
744 1323 862 1389 eisdem
880 1324 1109 1409 impudentius,
1125 1339 1157 1390 et

207 1427 401 1514 protractius
415 1426 626 1502 derideretur,
643 1440 678 1489 ut
693 1439 760 1490 erat
777 1429 824 1489 vir
845 1427 1015 1490 verecundi
1031 1428 1160 1513 ingenii,

209 1528 301 1616 quasi
317 1529 456 1594 toxicato
467 1528 660 1593 confusionis
670 1528 779 1612 jaculo
790 1529 952 1615 perfossus
962 1529 1002 1593 ad
1015 1542 1160 1605 mortem,

210 1632 359 1718 spiritum
373 1631 578 1696 novissimum
595 1630 767 1694 exhalavit.
799 1632 964 1696 Puduerat
977 1635 1059 1696 enim
1075 1633 1162 1717 quod

210 1734 305 1820 qnasi
332 1734 431 1798 totius
458 1733 640 1796 Academiae
665 1732 869 1818 improperio,
896 1734 1163 1819 exprobraverant

211 1836 387 1923 principem
422 1835 691 1921 Philosophorum
728 1835 874 1913 Graeciae,
904 1837 999 1900 etiam
1035 1836 1165 1900 minima

211 1939 367 2024 ignorare.
415 1942 486 2003 Hoc
501 1950 608 2002 autem
628 1937 739 2001 asserit
757 1937 929 2001 Flavianus
947 1941 979 2001 in
1000 1938 1093 2015 libra,
1110 1940 1163 2025 qui

213 2045 264 2106 De
290 2041 431 2126 vestigiis
455 2040 723 2126 Philosophorum
750 2039 945 2119 inscribitur,
970 2041 1164 2127 Xenophon-

214 2147 298 2209 tiuos
312 2143 446 2207 faciente
456 2143 586 2222 invidia,
597 2143 750 2206 adversus
761 2142 904 2207 Platonis
915 2142 1047 2228 gloriam
1060 2143 1165 2230 impu·

213 2247 326 2313 denter
351 2246 488 2310 finxisse.
528 2245 620 2309 Licet
647 2244 876 2331 quamplurimi
902 2269 973 2310 eum
997 2246 1040 2310 ob
1064 2268 1166 2310 sacra-

213 2362 357 2414 mentum
377 2347 501 2413 numeri
523 2360 662 2411 asserant
685 2347 770 2411 ultro
793 2348 929 2411 animam
946 2348 1089 2433 posuisse
1110 2347 1166 2412 illo

216 2454 320 2518 aetatis
335 2474 400 2514 suae
411 2473 493 2514 auno
508 2447 646 2536 expleto,
659 2473 752 2536 quem
766 2451 955 2514 novenarius
969 2451 1000 2514 in
1014 2473 1045 2514 se
1060 2451 1166 2536 ipsum

215 2557 333 2619 ductus
348 2554 504 2632 effecerat,
519 2555 556 2617 eo
572 2552 659 2638 quod
675 2551 790 2616 exinde
807 2574 870 2614 non
886 2551 1007 2616 accedit
1023 2552 1168 2615 humani-

215 2656 273 2721 tati
290 2654 353 2718 nisi'
364 2655 499 2719 labor-et
515 2653 615 2718 dolor.
663 2654 779 2716 Fateor
799 2651 945 2737 equidem
962 2675 1013 2714 me
1031 2650 1169 2737 paucula

215 2757 306 2834 scire,
321 2770 353 2822 et
368 2779 441 2820 cum
457 2755 567 2820 multis
581 2755 720 2841 plurima
734 2754 889 2837 ignorare,
901 2776 959 2817 nec
973 2766 1078 2817 tamen
1096 2754 1170 2818 vitae

217 2882 334 2925 munus
349 2860 440 2945 quasi
456 2861 618 2922 Homerus
633 2855 755 2942 pudore
771 2855 875 2919 victus
889 2854 1014 2940 abjicio.
1046 2857 1079 2921 Si
1094 2879 1170 2943 ergo

215 2960 438 3047 providentiae,
459 2971 490 3022 et
512 2958 604 3022 liberi
632 2956 755 3022 arbitrii
778 2957 867 3021 litem
894 2977 1082 3042 componere
1108 2981 1170 3022 non

217 3063 351 3138 sufficio,
367 3061 391 3123 si
406 3061 545 3123 fatorum
561 3071 592 3122 et
608 3058 770 3122 facilitatis
790 3072 913 3123 naturae
928 3062 1171 3144 repugnantiam

216 3184 345 3250 nequeo
367 3160 566 3240 concordare,
590 3159 736 3245 nunquid
761 3159 834 3224 ideo
859 3160 964 3225 minus
988 3182 1099 3224 verum
1124 3175 1173 3227 est

217 3268 277 3334 ista
304 3268 397 3329 esse?
431 3261 521 3328 Sicut
547 3262 579 3326 in
604 3263 680 3347 jure
705 3261 789 3326 civili
818 3284 890 3326 reus
918 3262 1174 3348 frequentissime

218 3363 424 3432 favorabilior
448 3374 507 3440 est,
532 3363 579 3424 ita
602 3358 750 3446 quaedam
777 3373 850 3425 sunt
874 3343 1174 3445 investigationibus

218 3463 457 3553 philosophicis,
487 3462 544 3526 ubi
573 3461 763 3549 plerumque
798 3461 903 3548 potior
938 3485 1011 3548 pars
1047 3462 1174 3530 videtur·

220 3568 347 3634 actoris.
391 3569 465 3630 Hoc
487 3576 593 3628 autem
617 3587 657 3629 ex
674 3564 800 3632 defectu
824 3577 934 3629 nostro
948 3565 1085 3629 arbitror
1105 3591 1176 3631 eve-

220 3675 296 3741 nire.
344 3667 531 3732 Intellectus
553 3668 636 3730 enim
660 3667 743 3730 circa
765 3689 871 3730 rerum
895 3668 999 3754 prima
1022 3669 1176 3754 principia

222 3772 339 3838 delicit.
386 3771 427 3834 In
447 3769 496 3832 his
516 3768 702 3833 scrutinium
724 3767 945 3853 providentiae,
962 3771 1177 3856 investigatio-

222 3896 357 3960 nemque
385 3871 538 3948 materiae,
569 3883 599 3934 et
631 3870 705 3933 fidei
736 3883 852 3934 nostrae
882 3872 1000 3935 multos
1028 3873 1177 3938 articulos

223 3978 385 4062 aptissime
397 3994 507 4036 censeo
522 3971 690 4036 numerari.
724 3973 810 4034 Dum
824 3971 856 4034 in
872 3970 1072 4056 providentia
1082 3974 1177 4036 unius

224 4078 374 4164 quaerelae
403 4075 578 4138 molestiam
610 4075 749 4159 perimis,
779 4073 867 4138 velut
901 4074 1012 4160 bydrae
1046 4076 1177 4160 praeciso

223 4180 336 4273 capite,
357 4177 497 4265 plurium
522 4189 722 4240 succrescunt
744 4176 849 4261 capita
873 4180 1097 4261 quaestionum.
1141 4176 1175 4238 Si

224 4284 257 4348 in
272 4283 416 4348 materiae
439 4280 548 4345 silvam
573 4280 808 4365 progredimur,
824 4278 910 4341 illico
929 4278 1068 4363 patimur
1090 4282 1177 4363 quod
