3309 5309
491 697 529 755 14
744 704 880 750 scaurus
896 702 1174 749 saunsnaarnusrs
1317 684 1399 762 [nra.
1416 702 1438 749 1.

489 863 575 925 enim
592 881 689 945 quum
704 858 842 942 ineptias
858 878 932 920 suas
948 857 1049 919 lector
1063 858 1112 918 vel
1129 854 1253 918 auditor
1275 866 1440 937 agnoscet,

487 957 1438 1042 illadethicumreducetadanimum,quia“mutat0nomine

488 1064 530 1128 de
545 1086 579 1128 se
593 1064 703 1128 sabula
716 1071 862 1126 narratur
873 1063 899 1138 ;’'
920 1061 1084 1146 praecipue
1100 1081 1198 1144 quum
1215 1080 1326 1124 omnes
1341 1082 1439 1124 nove·

486 1166 551 1229 rint
577 1165 706 1250 quantis
730 1175 766 1227 tn
792 1160 992 1227 serietatibus
1013 1161 1134 1245 jugiter
1159 1162 1338 1245 occuperis.
1384 1162 1438 1226 sic

487 1265 565 1330 dum
585 1268 664 1331 alios
685 1266 780 1330 docet
794 1266 919 1329 Seneca
934 1285 1026 1328 suum
1041 1273 1152 1327 monet
1171 1264 1342 1326 Lucilium.
1388 1264 1439 1326 Ad

487 1369 653 1432 Oceanum
683 1378 716 1430 et
744 1365 987 1429 Pammachium
1014 1364 1124 1427 scribit
1153 1364 1385 1446 Hieronymus,
1408 1376 1439 1427 et

487 1468 621 1532 aliorum
632 1470 819 1552 plerumque
832 1467 967 1548 castigat
976 1486 1137 1529 excessus.
1169 1466 1321 1549 Quisquis
1333 1476 1439 1529 autem

486 1570 683 1634 blandientis
698 1578 848 1633 causatur
866 1568 1015 1651 ineptias,
1030 1568 1192 1649 negotium
1207 1589 1280 1630 cum
1295 1578 1439 1652 tempore

487 1672 646 1747 metiatur,
672 1680 705 1735 et
729 1671 818 1755 quod
844 1669 998 1752 sapientis
1022 1680 1079 1748 est,
1105 1690 1148 1732 ex
1172 1669 1279 1732 causis
1309 1668 1438 1732 dicendi

488 1772 576 1837 dicta
587 1773 752 1860 dijudicet.
776 1772 810 1836 si
822 1771 901 1856 quid
912 1783 1017 1835 autem
1030 1771 1170 1853 cuipiam
1182 1771 1325 1852 asperius
1336 1781 1438 1845 sonat,

488 1898 555 1941 non
568 1876 602 1939 ln
617 1897 651 1939 se
668 1875 842 1959 quicquam
861 1873 982 1936 dictum
1001 1873 1134 1948 noverit,
1150 1872 1254 1935 sedin
1270 1873 1438 1956 meipsum,

488 1988 520 2042 et
535 1978 654 2040 similes
668 1975 741 2053 mei,
757 1973 814 2057 qui
828 1994 957 2036 mecum
980 1974 1117 2056 cupiunt
1131 1975 1313 2051 emendari3
1336 1983 1391 2037 aut
1405 1976 1438 2036 in

487 2096 552 2153 eos,
582 2076 637 2158 qui
666 2074 800 2155 collapsi
829 2074 864 2136 in
892 2074 968 2151 fata,
996 2095 1124 2137 omnem
1154 2076 1437 2158 reprehensionem

488 2175 709 2262 equanimiter
730 2174 844 2238 feumt.
899 2177 984 2239 Novi
1014 2177 1100 2240 enim
1125 2178 1201 2261 quia
1228 2178 1309 2241 nulli
1333 2179 1438 2259 gravis

486 2298 658 2363 percussus
679 2276 841 2340 Achilles:
866 2273 898 2341 et
912 2299 1052 2361 praesens
1074 2290 1152 2343 aetas
1173 2280 1340 2361 corrigitur
1360 2280 1436 2344 dum

486 2379 647 2465 praeterita
662 2378 727 2441 suis
747 2380 868 2444 meritis
886 2380 1079 2465 objurgatur.
1126 2382 1179 2445 Sic
1202 2382 1278 2445 dum
1300 2383 1438 2464 corrigat

488 2480 653 2558 Horatius,
667 2479 762 2543 etiam
778 2482 887 2560 serris,
897 2491 932 2546 ut
949 2483 1122 2546 Decembri
1136 2484 1282 2547 libertate
1298 2493 1438 2561 utantur,

486 2583 639 2666 indulget.

626 2701 713 2754 Omne
723 2699 793 2755 vafer
804 2702 896 2754 vitium
906 2702 1002 2754 ridenti
1014 2701 1124 2755 Flaccus
1135 2703 1217 2754 amico

624 2787 734 2854 Tangit,
747 2794 774 2840 et
785 2788 914 2841 admissus
926 2790 1021 2841 circum
1032 2789 1171 2860 praeoordia
1182 2788 1257 2841 ludit.

486 2892 567 2965 Quae
591 2912 664 2954 vero
690 2892 731 2954 ad
750 2913 816 2955 rem
841 2894 1033 2975 pertinentia
1058 2915 1078 2957 a
1099 2892 1233 2957 diversis
1254 2895 1437 2957 auctoribus

485 3015 519 3058 se
541 2994 648 3057 animo
670 2995 868 3077 ingerebant,
891 2995 967 3059 dum
989 2996 1181 3070 conferrent,
1205 3005 1260 3060 aut
1275 2996 1435 3080 juvarent,

485 3097 591 3161 curari
606 3097 755 3173 inserere,
765 3098 870 3162 tacitis
885 3097 1045 3161 interdum
1056 3099 1240 3161 nominibus
1251 3108 1433 3173 auctorum3

484 3209 552 3263 tum
575 3198 650 3284 qula
671 3201 742 3277 tibi,
763 3210 875 3285 utpote
898 3202 1073 3265 exercitato
1096 3200 1130 3264 in
1152 3199 1261 3274 literis,
1284 3202 1434 3284 pleraque

483 3301 668 3385 plenissime
689 3313 765 3365 nota
786 3324 857 3365 esse
877 3325 1045 3379 noveram3
1068 3311 1135 3365 tum
1150 3311 1186 3365 ut
1201 3303 1243 3366 ad
1262 3303 1434 3366 lectionem

484 3400 645 3465 assiduam
661 3403 764 3482 magis
786 3404 1013 3468 accenderetur
1034 3406 1173 3487 ignarus.
1219 3408 1260 3469 In
1276 3406 1391 3489 quibus
1407 3405 1433 3469 sl

484 3501 564 3586 quid
585 3523 606 3565 a
626 3501 692 3564 fide
715 3503 779 3565 veri
801 3501 929 3584 longius
951 3508 1052 3582 abest,
1073 3508 1152 3571 mihi
1175 3510 1301 3572 veniam
1324 3509 1434 3571 deberi

484 3602 625 3680 confide,
650 3604 705 3685 qui
730 3626 795 3666 non
821 3606 939 3684 omnia,
963 3630 1034 3691 quae
1061 3606 1112 3673 hic
1143 3614 1335 3693 scribuntur,
1359 3634 1434 3675 vera

483 3726 553 3771 esse
567 3706 732 3789 promitt03
749 3706 805 3770 sed
821 3708 887 3772 sive
902 3730 985 3786 vera,
997 3732 1053 3774 seu
1068 3712 1148 3777 falsa
1163 3724 1247 3794 sunt,
1256 3716 1432 3796 legentium

482 3803 593 3869 usibus
614 3805 772 3869 inservire.
817 3809 932 3891 Neque
953 3810 1037 3873 enim
1060 3813 1141 3877 adeo
1163 3837 1277 3879 excors
1299 3839 1381 3894 sum,
1397 3827 1434 3879 ut

481 3927 635 3991 provere
661 3906 834 3986 adstruam,
856 3911 932 3994 quia
956 3916 1105 3996 pennatis
1130 3919 1242 3982 avibus
1269 3919 1432 4003 quondam

481 4009 962 4096 testudoloquutaesaautquod
971 4017 1135 4083 “rusticus
1144 4023 1300 4085 urbanum
1310 4044 1432 4086 murem

480 4134 552 4177 mus
560 4132 700 4197 paupere
709 4115 812 4176 tecto”
821 4119 1010 4199 susceperit,
1020 4131 1053 4185 et
1061 4122 1192 4201 similia3
1204 4124 1262 4190 sed
1272 4127 1351 4210 quin
1360 4128 1431 4190 haec

479 4215 632 4298 figmenta
644 4221 761 4278 nostrae
776 4215 968 4282 famulentur
982 4221 1195 4304 instructioni,
1210 4249 1275 4291 non
1292 4228 1430 4310 ambigo.

481 4320 564 4383 Haec
594 4339 722 4403 quoque
746 4317 828 4403 ipsa,
861 4320 978 4404 quibus
1006 4325 1193 4413 plerumque
1222 4341 1304 4408 utor,
1328 4331 1431 4394 aliena
