3309 5309
455 647 497 706 24
719 661 856 706 soranis
871 658 1147 705 sanasnnsmnsrs
1285 641 1369 720 [nm.
1385 661 1408 704 1.

458 834 568 877 mensa
582 813 697 891 aliena,
711 812 945 876 multitudinem
961 813 1073 891 vitant,
1087 812 1163 876 dum
1179 813 1288 892 silvas,
1299 815 1411 891 saltus,

457 917 612 998 lacusque
634 915 842 992 circumeunt,
856 915 972 998 pannis
994 913 1098 977 induti
1116 914 1292 994 vilioribus,
1306 914 1413 997 fruga-

459 1017 594 1080 lioribus
605 1017 749 1080 contenti
760 1016 853 1094 cibis,
864 1015 941 1080 dum
953 1026 1116 1079 consortes
1128 1023 1160 1078 et
1170 1016 1315 1088 famulos,
1329 1036 1412 1100 quos

459 1130 599 1184 macerat
628 1118 824 1204 jejuniorum
856 1118 974 1193 inedia,
1003 1129 1035 1182 et
1067 1127 1225 1181 tormenta
1256 1118 1413 1182 nuditatis

459 1221 615 1302 affligunt,
626 1241 770 1304 quosque
786 1217 877 1283 labor
891 1219 1119 1283 immoderatus
1130 1220 1286 1299 exhaurit,
1299 1221 1412 1305 volup-

459 1321 533 1386 tatis
558 1330 614 1385 aut
638 1321 745 1403 potius
768 1320 917 1384 vanitatis
939 1319 1079 1404 imagine
1101 1322 1315 1384 consolentur.
1360 1322 1412 1385 Eo
1484 1342 1488 1351 ’

460 1423 598 1508 denique
622 1435 767 1506 tempore
792 1422 931 1506 primum
955 1424 1155 1505 captivantur
1177 1423 1323 1498 Athenae,
1346 1446 1412 1508 quo

458 1523 636 1589 interdictae
646 1523 827 1587 venationis
842 1522 983 1587 edictum
995 1534 1188 1587 censuerunt
1199 1546 1268 1588 esse
1284 1527 1411 1589 solven-

461 1623 550 1702 dum,
574 1637 607 1688 et
630 1634 729 1688 artem
758 1621 924 1706 utriusque
951 1623 1129 1687 venationis
1154 1642 1227 1688 cum
1258 1625 1411 1689 exercitio

460 1728 591 1811 publice
607 1726 849 1791 admittendam.
876 1723 992 1789 Fertur
1006 1735 1096 1789 vates
1107 1727 1307 1791 Mantuanus
1318 1728 1414 1790 inter-

458 1851 588 1912 rogasse
604 1830 808 1906 Marcellum,
823 1849 921 1912 quum
938 1828 1183 1913 depopulationi
1197 1830 1302 1893 avium
1318 1831 1413 1894 rebe-

460 1933 599 1996 mentius
613 1950 743 2013 operam
758 1928 858 2007 daret,
873 1950 914 1994 an
929 1950 1018 1993 arem
1034 1931 1145 1994 mallet
1158 1931 1271 1995 instrui
1285 1932 1319 1995 in
1335 1953 1412 2016 cap·

460 2044 562 2096 turam
589 2031 705 2104 avium,
729 2051 771 2092 an
797 2051 941 2094 muscam
969 2031 1134 2095 informari
1159 2032 1192 2095 in
1218 2034 1412 2097 extermina·

459 2133 580 2196 tionem
595 2151 785 2193 muscarum.
820 2131 926 2203 Quum
942 2152 1015 2195 vero
1035 2132 1244 2216 questionem
1259 2133 1300 2197 ad
1315 2155 1414 2197 arun·

460 2236 567 2298 culum
582 2232 744 2295 retulisset
758 2233 948 2312 Augustum,
965 2233 1101 2296 consilio
1117 2233 1186 2317 ejus
1200 2236 1363 2317 praelegit
1377 2248 1415 2300 ut

461 2338 550 2402 fieret
574 2355 695 2412 musca,
718 2354 791 2417 quae
815 2335 855 2396 ab
884 2335 1023 2418 Neapoli
1049 2356 1176 2399 muscas
1202 2337 1357 2418 abigeret,
1379 2348 1413 2401 et

460 2439 621 2502 civitatem
636 2457 655 2498 a
676 2444 766 2519 peste
781 2435 951 2498 insanabili
966 2436 1124 2500 liberaret.
1170 2436 1268 2521 Optio
1284 2437 1413 2521 quidem

460 2539 592 2623 impleta
612 2544 678 2613 est3
709 2533 794 2598 unde
817 2536 920 2620 liquet
941 2536 1073 2618 privata
1095 2534 1252 2621 voluptati
1273 2536 1414 2621 cujusvis

461 2639 690 2724 praeferendam
706 2659 776 2702 esse
797 2639 967 2701 multorum
990 2639 1169 2704 utilitatem.
1215 2641 1255 2702 Iu
1278 2640 1416 2703 semiviri
1483 2705 1487 2713 ,

461 2743 610 2807 Chironis
634 2752 723 2804 antro
752 2740 793 2822 (si
817 2740 943 2804 Graecis
967 2762 1023 2823 per
1048 2741 1155 2805 omnia
1180 2740 1332 2822 creditur)
1364 2751 1415 2805 est

460 2844 623 2908 institutus
649 2843 792 2904 Achilles
816 2843 893 2924 lyrae
922 2841 1027 2904 modis
1052 2854 1084 2905 et
1114 2843 1254 2919 citharae,
1278 2853 1310 2905 et
1337 2842 1414 2906 inde

460 2946 625 3011 traductus
651 2943 691 3008 ad
720 2945 817 3007 silvas
842 2943 876 3006 in
902 2955 1009 3026 strage
1036 2946 1182 3024 leramm,
1207 2945 1351 3009 caedibus
1381 2957 1414 3009 et

459 3051 542 3114 faedo
557 3049 655 3115 victui
671 3067 873 3125 assuescens,
888 3047 1100 3110 reverentiam
1115 3057 1236 3111 naturae
1251 3048 1412 3112 timorem·

459 3175 522 3238 que
546 3152 658 3217 mortis
683 3148 814 3235 abjecit.
868 3148 956 3222 Quid
985 3148 1072 3234 quod
1099 3151 1251 3214 Bacchus
1275 3149 1413 3213 eundem

458 3254 571 3318 habuit
584 3248 789 3316 nutritorem?
813 3251 941 3333 Nempe
957 3251 1012 3334 qui
1023 3251 1075 3314 his
1086 3247 1200 3314 studiis
1211 3260 1267 3313 aut
1278 3248 1412 3312 desidiis

458 3353 619 3428 insistunt,
634 3351 771 3414 semiferi
786 3362 869 3422 sunt,
882 3361 915 3413 et
928 3350 1056 3432 abjecta
1070 3350 1194 3433 potiore
1206 3351 1411 3413 humanitatis

460 3463 561 3538 parte,
589 3450 711 3513 ratione
741 3469 864 3511 morum
892 3448 1049 3531 prodigiis
1078 3449 1325 3515 conformantur.
1382 3453 1412 3514 A

459 3554 588 3617 levitate
603 3548 762 3634 siquidem
778 3547 819 3610 ad
833 3549 1009 3622 lasciviam,
1030 3572 1049 3613 a
1062 3552 1193 3616 lascivia
1210 3553 1252 3616 ad
1267 3554 1411 3637 volupta-

460 3669 535 3731 tem,
550 3664 582 3716 et
597 3672 696 3735 quum
710 3648 919 3722 induruerint,
932 3649 973 3712 ad
988 3651 1110 3734 flagitia
1125 3663 1158 3716 et
1169 3656 1289 3736 quaevis
1301 3656 1413 3718 illicita

458 3755 694 3841 pertrabuntur.
739 3750 932 3827 Quaeruntnr
956 3752 1028 3815 ocia
1053 3765 1128 3834 post
1153 3755 1288 3833 labores,
1313 3757 1413 3820 lomes

458 3856 625 3921 hilaritatis
640 3853 757 3934 gratior
771 3864 831 3930 est,
842 3852 869 3914 si
884 3852 964 3916 dura
978 3854 1213 3935 praecesserint,
1226 3854 1414 3919 reficiuntur

459 3957 583 4024 avidius
606 3976 679 4039 quaa
694 3948 860 4016 exinanita
873 3952 989 4017 fuerint
1008 3953 1190 4036 plurimum.
1236 3955 1412 4018 Venatores

459 4081 571 4127 omncs
597 4056 703 4120 adhuc
732 4053 965 4118 institutionem
994 4052 1140 4117 redolent
1170 4053 1410 4116 Centaurorum.

457 4166 543 4228 Raro
557 4157 718 4225 invenitur
740 4156 907 4241 quisquam
924 4176 1034 4220 eorum
1049 4152 1213 4216 modestus
1228 4163 1282 4215 aut
1297 4154 1410 4233 gravis,

459 4289 527 4332 raro
543 4261 722 4336 continens,
734 4270 776 4337 et,
790 4267 826 4321 ut
841 4255 949 4335 credo,
961 4255 1086 4320 sobrius
1098 4273 1270 4336 nunquam.
1312 4254 1410 4317 Domi
