3309 5309
739 667 880 713 cAP.
912 648 1041 728 ιι]
1442 664 1953 714 ΡοιΥοΒΔτιοῠε.
2533 655 2652 715 187

739 818 989 898 lendas,
1029 839 1148 881 sua
1185 814 1392 882 sidera
1432 818 1791 898 defuerunt,
1818 820 1933 882 viri
1977 817 2234 902 quidem
2283 819 2527 884 virtutis
2571 822 2651 884 ti-

738 921 874 984 tulo
916 921 1188 995 nobiles,
1233 942 1736 1004 magnorumque
1781 942 2045 1005 operum
2091 921 2410 1001 fulgentes
2452 922 2651 1006 insig-

735 1023 956 1101 nibuS,
998 1043 1267 1106 quorum
1313 1024 1628 1105 exemplis
1674 1023 1756 1086 ad
1803 1025 2042 1087 cultum
2078 1023 2349 1107 justitiae
2395 1045 2650 1109 semper

738 1124 845 1188 alii
894 1123 1350 1207 provehantur.
1438 1125 1674 1187 Nonne
1726 1127 1892 1188 Abel
1932 1124 2359 1188 innocentiam
2407 1125 2648 1204 docuit,

735 1226 976 1290 Enoch
1018 1225 1395 1289 munditiam
1439 1225 1752 1290 actionis?
1825 1226 1998 1299 Quid
2035 1226 2117 1290 de
2156 1226 2643 1308 longanimitate

735 1328 882 1410 spei
925 1338 992 1391 et
1029 1328 1239 1411 operis
1277 1348 1409 1390 non
1448 1328 1679 1392 habuit
1717 1327 1906 1392 Noe?
1955 1328 2113 1410 quid
2157 1329 2238 1392 de
2277 1329 2644 1394 obedientia

732 1428 1012 1492 fideliter
1064 1428 1396 1513 implenda
1454 1429 1658 1494 defuit
1707 1429 2031 1493 Abrahae?
2109 1432 2292 1493 Isaac
2355 1432 2642 1515 conjugii

733 1531 1180 1595 castimoniam
1230 1532 1506 1609 instruit,
1551 1542 1616 1595 et
1672 1534 1881 1597 Jacob
1941 1532 2180 1596 laboris
2237 1533 2639 1597 tolerantiam

729 1631 1034 1696 ostendit.
1121 1634 1164 1696 J
1167 1634 1362 1716 oseph
1394 1633 1743 1716 parricidas
1774 1634 1993 1696 fratres
2038 1633 2193 1695 boni
2221 1633 2636 1698 retributione

728 1743 1110 1810 remunerat,
1139 1756 1343 1818 eoque
1375 1734 1565 1798 docet
1595 1756 1633 1798 a
1660 1735 1849 1798 bonis
1879 1737 2049 1798 bona
2077 1756 2194 1818 pro
2225 1735 2406 1797 malis
2436 1736 2634 1798 tribu-

727 1831 916 1895 enda.
978 1833 1059 1895 In
1090 1835 1304 1896 multis
1331 1833 1616 1897 millibus
1647 1834 1983 1911 increduli,
2005 1833 2297 1910 indurati,
2328 1843 2393 1897 et
2420 1834 2633 1897 Deum

723 1954 978 2017 semper
1000 1935 1444 1998 exacerbantis
1465 1936 1715 2019 populi,
1736 1936 1955 2018 Moysi
1974 1935 2394 2000 mansuetudo
2418 1945 2633 1999 osten-

725 2034 917 2110 ditur,
968 2044 1032 2099 et
1081 2037 1559 2100 imminentibus
1619 2037 1925 2114 adversiS‚
1974 2037 2359 2102 confidentis
2407 2038 2630 2100 Josuae

721 2135 1213 2216 magnanimitas
1251 2134 1623 2200 declaratur.
1710 2138 1839 2200 Job
1880 2138 2205 2220 patientioe
2243 2137 2473 2200 indicit
2512 2158 2626 2201 ex-

721 2238 1027 2319 emplum.
1117 2239 1208 2300 Et
1248 2241 1678 2321 praeambulus
1706 2239 1925 2322 gratiae
1967 2240 2265 2322 Baptista
2294 2240 2627 2303 salvatoris

723 2337 878 2401 dum
921 2339 1366 2420 poenitentiam
1410 2340 1742 2422 praedicat,
1789 2350 1853 2404 et
1897 2341 2066 2404 vitiis
2108 2340 2341 2405 indicit
2381 2340 2623 2421 fugam,

720 2439 1187 2503 confessionem
1229 2441 1393 2504 eruit
1421 2442 1716 2521 veritatis,
1748 2452 1811 2506 et
1854 2441 1937 2505 ad
1979 2442 2481 2524 increpationem
2521 2441 2616 2504 in·

706 2539 921 2623 juriae,
938 2550 1002 2604 et
1020 2541 1617 2606 condemnationem
1634 2543 2011 2627 iniquitatiS,
2028 2544 2310 2605 omnium
2334 2541 2620 2605 fidelium

713 2641 972 2723 linguas
1001 2644 1282 2707 exacuit.
1370 2643 1541 2716 Quid
1582 2645 1914 2727 utriusque
1960 2642 2327 2706 testamenti
2354 2642 2617 2705 referam

711 2752 950 2826 patreS,
994 2766 1260 2828 quorum
1313 2749 1611 2829 exempla
1655 2754 1804 2808 sunt
1846 2744 2191 2828 disciplina
2242 2763 2511 2820 morum,
2555 2754 2620 2806 et

711 2843 1063 2908 rectissima
1091 2844 1384 2908 instituta
1411 2844 1713 2908 vivendi?
1772 2846 1867 2907 Hi
1897 2843 2161 2927 quidem
2191 2852 2341 2906 sunt
2372 2842 2439 2904 in
2470 2863 2615 2927 scp-

708 2953 842 3007 tem
882 2946 1167 3009 millibus
1197 2947 1491 3021 virorum,
1526 2968 1689 3029 quos
1734 2947 1855 3010 sibi
1900 2946 2221 3009 Dominus
2250 2945 2614 3020 reservavit,

704 3054 780 3108 ut
805 3066 940 3108 non
972 3053 1306 3109 curvarent
1333 3067 1544 3126 genua
1574 3067 1690 3108 sua
1719 3056 1865 3109 aute
1896 3047 2081 3123 Baal,
2110 3055 2218 3108 aut
2248 3043 2612 3126 cuicunque

701 3147 969 3211 vanitati
1014 3145 1396 3229 prostituant
1442 3146 1692 3208 animas
1740 3146 2068 3228 pretiosas.
2159 3145 2252 3206 Hi
2304 3151 2454 3206 sunt
2499 3144 2613 3225 qui

700 3248 869 3314 inter
896 3245 1257 3310 insensatos
1288 3246 1601 3310 habentur
1643 3246 1873 3320 insani,
1904 3245 2057 3329 quia
2086 3245 2309 3309 alienae
2345 3244 2608 3308 insaniae

698 3352 931 3413 nolunt
959 3370 1100 3412 esse
1129 3348 1490 3433 participes.
1563 3349 1654 3411 Et
1675 3348 1867 3411 finem
1892 3347 2030 3411 sine
2060 3348 2303 3412 honore
2325 3347 2607 3410 habituri

699 3451 1062 3525 creduntur,
1088 3450 1240 3533 quia
1263 3449 1634 3532 dignitatem
1664 3459 1927 3527 naturae,
1950 3446 2260 3512 mundani
2278 3449 2607 3512 histrionis

697 3552 930 3616 habitu
965 3552 1248 3635 polluere
1297 3551 1746 3633 dedignantur.
1837 3550 1935 3613 Hi
1981 3559 2131 3614 sunt
2166 3550 2327 3613 forte
2368 3550 2481 3632 qui
2520 3550 2603 3614 de

697 3651 831 3718 alto
878 3653 1179 3716 virtutum
1231 3653 1511 3716 culmine
1570 3652 1884 3716 theatrum
1933 3652 2163 3715 mundi
2221 3651 2603 3734 despiciunt,

695 3753 1045 3838 ludumque
1073 3754 1344 3818 fortunae
1375 3763 1882 3832 contemnente8‚
1910 3753 2105 3815 nullis
2137 3751 2455 3816 illecebris
2481 3752 2599 3815 im-

698 3857 1018 3940 pelluntur
1047 3857 1128 3920 ad
1160 3856 1493 3933 vanitates»,
1523 3863 1588 3918 et
1613 3855 1893 3919 insanias
1932 3855 2143 3918 falsas.
2234 3853 2329 3916 Hi
2356 3853 2498 3936 jam
2527 3853 2597 3916 in

695 3957 827 4022 suis
864 3956 1143 4040 gaudent
1181 3957 1448 4040 Elysiis,
1486 3956 1568 4020 ad
1609 3957 1943 4020 utilitatem
1986 3978 2165 4020 suam
2198 3955 2416 4020 vident
2451 3955 2594 4037 plu-

690 4055 867 4132 rima,
900 4067 966 4121 et
995 4057 1076 4122 ad
1106 4079 1247 4120 eam
1292 4055 1506 4118 omnia
1536 4055 1673 4119 visa
1698 4065 2083 4139 retorquent.
2175 4054 2393 4129 Quum
2422 4050 2595 4113 enim

691 4159 898 4223 fidelis
929 4159 1141 4223 anima
1183 4158 1263 4221 de
1303 4168 1468 4220 terra
1507 4158 1845 4235 exaltatur,
1876 4166 2029 4221 tunc
2075 4155 2335 4218 demum
2374 4147 2593 4212 omnia

686 4262 875 4325 trahit
905 4261 988 4325 ad
1016 4261 1314 4344 seipsam.
1391 4260 1817 4342 Speculantur
1838 4259 1946 4322 isti
1969 4253 2372 4320 Comoediam
2405 4266 2592 4310 mun-
