<?xml version="1.0" encoding="UTF-8"?>
<!DOCTYPE html PUBLIC "-//W3C//DTD XHTML 1.0 Transitional//EN"
    "http://www.w3.org/TR/xhtml1/DTD/xhtml1-transitional.dtd">
<html xmlns="http://www.w3.org/1999/xhtml" xml:lang="en" lang="en">
 <head>
  <title>
</title>
<meta http-equiv="Content-Type" content="text/html;charset=utf-8" />
  <meta name='ocr-system' content='tesseract 3.04.00' />
  <meta name='ocr-capabilities' content='ocr_page ocr_carea ocr_par ocr_line ocrx_word'/>
</head>
<body>
  <div class='ocr_page' id='page_1' title='image "./joannissaresber04johngoog_0049.png"; bbox 0 0 3309 5309; ppageno 0'>
   <div class='ocr_carea' id='block_1_1' title="bbox 230 628 1185 703">
    <p class='ocr_par' dir='ltr' id='par_1_1' title="bbox 230 628 1185 703">
     <span class='ocr_line' id='line_1_1' title="bbox 230 628 1185 703; baseline -0.001 -15"><span class='ocrx_word' id='word_1_1' title='bbox 230 643 299 689; x_wconf 80' lang='lat' dir='ltr'><strong>car.</strong></span> <span class='ocrx_word' id='word_1_2' title='bbox 316 628 364 703; x_wconf 72' lang='lat' dir='ltr'><strong>vt]</strong></span> <span class='ocrx_word' id='word_1_3' title='bbox 581 641 839 688; x_wconf 78' lang='lat' dir='ltr'><strong>ronrcnancus.</strong></span> <span class='ocrx_word' id='word_1_4' title='bbox 1144 629 1185 687; x_wconf 81' lang='lat'><strong>38</strong></span> 
     </span>
    </p>
   </div>
   <div class='ocr_carea' id='block_1_2' title="bbox 227 795 1187 4400">
    <p class='ocr_par' dir='ltr' id='par_1_2' title="bbox 227 795 1187 4400">
     <span class='ocr_line' id='line_1_2' title="bbox 231 795 1187 877; baseline -0.001 -18"><span class='ocrx_word' id='word_1_5' title='bbox 231 796 336 860; x_wconf 89' lang='lat' dir='ltr'><strong>sumit.</strong></span> <span class='ocrx_word' id='word_1_6' title='bbox 382 797 424 859; x_wconf 82' lang='lat' dir='ltr'><strong>At</strong></span> <span class='ocrx_word' id='word_1_7' title='bbox 448 796 476 859; x_wconf 89' lang='lat' dir='ltr'><strong>si</strong></span> <span class='ocrx_word' id='word_1_8' title='bbox 501 795 580 858; x_wconf 90' lang='lat' dir='ltr'><strong>alios</strong></span> <span class='ocrx_word' id='word_1_9' title='bbox 607 795 792 877; x_wconf 84' lang='lat' dir='ltr'><strong>diligentius</strong></span> <span class='ocrx_word' id='word_1_10' title='bbox 822 796 968 870; x_wconf 87' lang='lat' dir='ltr'><strong>intueris,</strong></span> <span class='ocrx_word' id='word_1_11' title='bbox 993 806 1187 858; x_wconf 88' lang='lat' dir='ltr'><strong>consumunt</strong></span> 
     </span>
     <span class='ocr_line' id='line_1_3' title="bbox 230 896 1183 981; baseline -0.004 -19"><span class='ocrx_word' id='word_1_12' title='bbox 230 910 263 962; x_wconf 91' lang='lat' dir='ltr'><strong>et</strong></span> <span class='ocrx_word' id='word_1_13' title='bbox 277 899 383 975; x_wconf 90' lang='lat' dir='ltr'><strong>vitam,</strong></span> <span class='ocrx_word' id='word_1_14' title='bbox 399 918 472 981; x_wconf 77' lang='lat' dir='ltr'><strong>quae</strong></span> <span class='ocrx_word' id='word_1_15' title='bbox 495 896 528 959; x_wconf 93' lang='lat' dir='ltr'><strong>in</strong></span> <span class='ocrx_word' id='word_1_16' title='bbox 550 897 682 979; x_wconf 91' lang='lat' dir='ltr'><strong>ineptiis</strong></span> <span class='ocrx_word' id='word_1_17' title='bbox 704 908 738 961; x_wconf 93' lang='lat' dir='ltr'><strong>et</strong></span> <span class='ocrx_word' id='word_1_18' title='bbox 759 898 954 961; x_wconf 79' lang='lat' dir='ltr'>factionibus</span> <span class='ocrx_word' id='word_1_19' title='bbox 977 907 1032 960; x_wconf 87' lang='lat' dir='ltr'><strong>aut</strong></span> <span class='ocrx_word' id='word_1_20' title='bbox 1053 897 1183 979; x_wconf 83' lang='lat' dir='ltr'><strong>flagitiis</strong></span> 
     </span>
     <span class='ocr_line' id='line_1_4' title="bbox 231 998 1184 1080; baseline -0.004 -16"><span class='ocrx_word' id='word_1_21' title='bbox 231 1010 298 1064; x_wconf 87' lang='lat' dir='ltr'><strong>tota</strong></span> <span class='ocrx_word' id='word_1_22' title='bbox 323 1007 471 1062; x_wconf 91' lang='lat' dir='ltr'><strong>versatur.</strong></span> <span class='ocrx_word' id='word_1_23' title='bbox 516 999 634 1061; x_wconf 87' lang='lat' dir='ltr'><strong>Nonne</strong></span> <span class='ocrx_word' id='word_1_24' title='bbox 665 998 723 1061; x_wconf 93' lang='lat' dir='ltr'><strong>tibi</strong></span> <span class='ocrx_word' id='word_1_25' title='bbox 748 998 873 1062; x_wconf 90' lang='lat' dir='ltr'><strong>videtur</strong></span> <span class='ocrx_word' id='word_1_26' title='bbox 898 1000 1018 1063; x_wconf 81' lang='lat' dir='ltr'><strong>aleator</strong></span> <span class='ocrx_word' id='word_1_27' title='bbox 1043 998 1184 1080; x_wconf 90' lang='lat' dir='ltr'><strong>ineptus,</strong></span> 
     </span>
     <span class='ocr_line' id='line_1_5' title="bbox 229 1099 1181 1184; baseline -0.001 -21"><span class='ocrx_word' id='word_1_28' title='bbox 229 1101 286 1183; x_wconf 84' lang='lat' dir='ltr'><strong>q&#39;ui</strong></span> <span class='ocrx_word' id='word_1_29' title='bbox 307 1110 496 1164; x_wconf 81' lang='lat' dir='ltr'>tesserarum</span> <span class='ocrx_word' id='word_1_30' title='bbox 517 1120 581 1162; x_wconf 91' lang='lat' dir='ltr'><strong>non</strong></span> <span class='ocrx_word' id='word_1_31' title='bbox 605 1111 671 1163; x_wconf 90' lang='lat' dir='ltr'><strong>tam</strong></span> <span class='ocrx_word' id='word_1_32' title='bbox 686 1099 771 1177; x_wconf 88' lang='lat' dir='ltr'><strong>vivit,</strong></span> <span class='ocrx_word' id='word_1_33' title='bbox 793 1121 889 1184; x_wconf 91' lang='lat' dir='ltr'><strong>quam</strong></span> <span class='ocrx_word' id='word_1_34' title='bbox 913 1100 995 1184; x_wconf 89' lang='lat' dir='ltr'><strong>perit</strong></span> <span class='ocrx_word' id='word_1_35' title='bbox 1010 1121 1054 1163; x_wconf 89' lang='lat' dir='ltr'><strong>ex</strong></span> <span class='ocrx_word' id='word_1_36' title='bbox 1069 1099 1181 1180; x_wconf 85' lang='lat' dir='ltr'><strong>gratia,</strong></span> 
     </span>
     <span class='ocr_line' id='line_1_6' title="bbox 229 1199 1180 1284; baseline -0.004 -18"><span class='ocrx_word' id='word_1_37' title='bbox 229 1215 261 1266; x_wconf 89' lang='lat' dir='ltr'><strong>et</strong></span> <span class='ocrx_word' id='word_1_38' title='bbox 283 1223 408 1264; x_wconf 89' lang='lat' dir='ltr'><strong>omnem</strong></span> <span class='ocrx_word' id='word_1_39' title='bbox 426 1201 550 1284; x_wconf 88' lang='lat' dir='ltr'><strong>jactum</strong></span> <span class='ocrx_word' id='word_1_40' title='bbox 572 1201 665 1264; x_wconf 89' lang='lat' dir='ltr'><strong>sortis</strong></span> <span class='ocrx_word' id='word_1_41' title='bbox 687 1221 754 1265; x_wconf 84' lang='lat' dir='ltr'><strong>suae</strong></span> <span class='ocrx_word' id='word_1_42' title='bbox 776 1203 946 1284; x_wconf 82' lang='lat' dir='ltr'><strong>praesulem</strong></span> <span class='ocrx_word' id='word_1_43' title='bbox 968 1199 1066 1265; x_wconf 81' lang='lat' dir='ltr'><strong>lacit?</strong></span> <span class='ocrx_word' id='word_1_44' title='bbox 1090 1211 1180 1263; x_wconf 91' lang='lat' dir='ltr'><strong>estne</strong></span> 
     </span>
     <span class='ocr_line' id='line_1_7' title="bbox 228 1301 1180 1386; baseline -0.003 -19"><span class='ocrx_word' id='word_1_45' title='bbox 228 1326 279 1368; x_wconf 89' lang='lat' dir='ltr'><strong>ars</strong></span> <span class='ocrx_word' id='word_1_46' title='bbox 295 1301 504 1366; x_wconf 87' lang='lat' dir='ltr'><strong>accommoda</strong></span> <span class='ocrx_word' id='word_1_47' title='bbox 518 1301 641 1376; x_wconf 89' lang='lat' dir='ltr'><strong>rationi,</strong></span> <span class='ocrx_word' id='word_1_48' title='bbox 654 1301 747 1386; x_wconf 89' lang='lat' dir='ltr'><strong>cujus</strong></span> <span class='ocrx_word' id='word_1_49' title='bbox 762 1311 881 1385; x_wconf 89' lang='lat' dir='ltr'><strong>quanto</strong></span> <span class='ocrx_word' id='word_1_50' title='bbox 897 1302 1032 1385; x_wconf 88' lang='lat' dir='ltr'><strong>quisque</strong></span> <span class='ocrx_word' id='word_1_51' title='bbox 1050 1302 1180 1365; x_wconf 88' lang='lat' dir='ltr'><strong>studen-</strong></span> 
     </span>
     <span class='ocr_line' id='line_1_8' title="bbox 229 1398 1181 1481; baseline -0.005 -12"><span class='ocrx_word' id='word_1_52' title='bbox 229 1407 299 1481; x_wconf 89' lang='lat' dir='ltr'><strong>tior,</strong></span> <span class='ocrx_word' id='word_1_53' title='bbox 324 1413 413 1466; x_wconf 91' lang='lat' dir='ltr'><strong>tanto</strong></span> <span class='ocrx_word' id='word_1_54' title='bbox 439 1402 499 1465; x_wconf 90' lang='lat' dir='ltr'><strong>erit</strong></span> <span class='ocrx_word' id='word_1_55' title='bbox 523 1398 765 1464; x_wconf 82' lang='lat' dir='ltr'><strong>exstudiosior?</strong></span> <span class='ocrx_word' id='word_1_56' title='bbox 802 1403 929 1465; x_wconf 84' lang='lat' dir='ltr'><strong>Attalus</strong></span> <span class='ocrx_word' id='word_1_57' title='bbox 955 1403 1127 1480; x_wconf 86' lang='lat' dir='ltr'><strong>Asiaticus,</strong></span> <span class='ocrx_word' id='word_1_58' title='bbox 1153 1403 1181 1465; x_wconf 87' lang='lat' dir='ltr'><strong>si</strong></span> 
     </span>
     <span class='ocr_line' id='line_1_9' title="bbox 229 1501 1180 1588; baseline -0.001 -21"><span class='ocrx_word' id='word_1_59' title='bbox 229 1504 396 1588; x_wconf 84' lang='lat' dir='ltr'><strong>gentilium</strong></span> <span class='ocrx_word' id='word_1_60' title='bbox 417 1501 557 1565; x_wconf 89' lang='lat' dir='ltr'><strong>historiis</strong></span> <span class='ocrx_word' id='word_1_61' title='bbox 579 1501 729 1575; x_wconf 88' lang='lat' dir='ltr'><strong>creditur,</strong></span> <span class='ocrx_word' id='word_1_62' title='bbox 751 1503 837 1566; x_wconf 86' lang='lat' dir='ltr'><strong>hanc</strong></span> <span class='ocrx_word' id='word_1_63' title='bbox 859 1502 994 1566; x_wconf 90' lang='lat' dir='ltr'><strong>ludendi</strong></span> <span class='ocrx_word' id='word_1_64' title='bbox 1015 1505 1180 1568; x_wconf 85' lang='lat' dir='ltr'><strong>lasciviam</strong></span> 
     </span>
     <span class='ocr_line' id='line_1_10' title="bbox 229 1592 1181 1686; baseline -0.003 -16"><span class='ocrx_word' id='word_1_65' title='bbox 229 1604 347 1670; x_wconf 89' lang='lat' dir='ltr'><strong>dicitur</strong></span> <span class='ocrx_word' id='word_1_66' title='bbox 360 1592 532 1676; x_wconf 90' lang='lat' dir='ltr'><strong>invenisse,</strong></span> <span class='ocrx_word' id='word_1_67' title='bbox 548 1604 588 1665; x_wconf 90' lang='lat' dir='ltr'><strong>ab</strong></span> <span class='ocrx_word' id='word_1_68' title='bbox 612 1603 765 1664; x_wconf 89' lang='lat' dir='ltr'><strong>exercitio</strong></span> <span class='ocrx_word' id='word_1_69' title='bbox 788 1623 989 1667; x_wconf 89' lang='lat' dir='ltr'><strong>numerorum</strong></span> <span class='ocrx_word' id='word_1_70' title='bbox 1014 1605 1181 1686; x_wconf 87' lang='lat' dir='ltr'><strong>paululum</strong></span> 
     </span>
     <span class='ocr_line' id='line_1_11' title="bbox 229 1702 1180 1788; baseline -0.005 -16"><span class='ocrx_word' id='word_1_71' title='bbox 229 1709 358 1772; x_wconf 86' lang='lat' dir='ltr'><strong>deflexa</strong></span> <span class='ocrx_word' id='word_1_72' title='bbox 372 1705 514 1770; x_wconf 89' lang='lat' dir='ltr'><strong>materia.</strong></span> <span class='ocrx_word' id='word_1_73' title='bbox 561 1705 667 1776; x_wconf 85' lang='lat' dir='ltr'><strong>Quum</strong></span> <span class='ocrx_word' id='word_1_74' title='bbox 683 1704 768 1767; x_wconf 90' lang='lat' dir='ltr'><strong>enim</strong></span> <span class='ocrx_word' id='word_1_75' title='bbox 783 1702 979 1788; x_wconf 83' lang='lat' dir='ltr'><strong>antiquiores</strong></span> <span class='ocrx_word' id='word_1_76' title='bbox 993 1705 1074 1767; x_wconf 91' lang='lat' dir='ltr'><strong>illud</strong></span> <span class='ocrx_word' id='word_1_77' title='bbox 1090 1726 1180 1768; x_wconf 86' lang='lat' dir='ltr'><strong>exer·</strong></span> 
     </span>
     <span class='ocr_line' id='line_1_12' title="bbox 230 1805 1181 1890; baseline -0.005 -16"><span class='ocrx_word' id='word_1_78' title='bbox 230 1812 342 1875; x_wconf 89' lang='lat' dir='ltr'><strong>citium</strong></span> <span class='ocrx_word' id='word_1_79' title='bbox 350 1809 511 1871; x_wconf 82' lang='lat' dir='ltr'><strong>duntaxat</strong></span> <span class='ocrx_word' id='word_1_80' title='bbox 519 1807 744 1890; x_wconf 86' lang='lat' dir='ltr'><strong>approbarent,</strong></span> <span class='ocrx_word' id='word_1_81' title='bbox 754 1806 841 1890; x_wconf 91' lang='lat' dir='ltr'><strong>quod</strong></span> <span class='ocrx_word' id='word_1_82' title='bbox 854 1805 894 1869; x_wconf 91' lang='lat' dir='ltr'><strong>ad</strong></span> <span class='ocrx_word' id='word_1_83' title='bbox 904 1806 1181 1889; x_wconf 78' lang='lat' dir='ltr'><strong>investigationem</strong></span> 
     </span>
     <span class='ocr_line' id='line_1_13' title="bbox 230 1907 1183 1992; baseline -0.005 -17"><span class='ocrx_word' id='word_1_84' title='bbox 230 1913 297 1975; x_wconf 86' lang='lat' dir='ltr'><strong>veri</strong></span> <span class='ocrx_word' id='word_1_85' title='bbox 320 1909 569 1992; x_wconf 68' lang='lat' dir='ltr'><strong>disciplinasque</strong></span> <span class='ocrx_word' id='word_1_86' title='bbox 591 1907 737 1970; x_wconf 86' lang='lat' dir='ltr'><strong>liberales</strong></span> <span class='ocrx_word' id='word_1_87' title='bbox 760 1908 941 1990; x_wconf 89' lang='lat' dir='ltr'><strong>proficeret,</strong></span> <span class='ocrx_word' id='word_1_88' title='bbox 958 1910 1007 1971; x_wconf 82' lang='lat' dir='ltr'><strong>vel</strong></span> <span class='ocrx_word' id='word_1_89' title='bbox 1029 1917 1115 1972; x_wconf 84' lang='lat' dir='ltr'><strong>recte</strong></span> <span class='ocrx_word' id='word_1_90' title='bbox 1138 1908 1183 1970; x_wconf 87' lang='lat' dir='ltr'><strong>vi-</strong></span> 
     </span>
     <span class='ocr_line' id='line_1_14' title="bbox 232 2009 1183 2094; baseline -0.004 -19"><span class='ocrx_word' id='word_1_91' title='bbox 232 2013 328 2077; x_wconf 90' lang='lat' dir='ltr'><strong>vendi</strong></span> <span class='ocrx_word' id='word_1_92' title='bbox 348 2013 518 2075; x_wconf 89' lang='lat' dir='ltr'><strong>instrueret</strong></span> <span class='ocrx_word' id='word_1_93' title='bbox 541 2029 645 2088; x_wconf 87' lang='lat' dir='ltr'><strong>usum,</strong></span> <span class='ocrx_word' id='word_1_94' title='bbox 663 2009 716 2072; x_wconf 90' lang='lat' dir='ltr'><strong>hic</strong></span> <span class='ocrx_word' id='word_1_95' title='bbox 741 2010 851 2072; x_wconf 90' lang='lat' dir='ltr'><strong>subtili</strong></span> <span class='ocrx_word' id='word_1_96' title='bbox 874 2009 1012 2094; x_wconf 88' lang='lat' dir='ltr'><strong>quidem,</strong></span> <span class='ocrx_word' id='word_1_97' title='bbox 1033 2011 1112 2073; x_wconf 89' lang='lat' dir='ltr'><strong>licet</strong></span> <span class='ocrx_word' id='word_1_98' title='bbox 1134 2010 1183 2071; x_wconf 93' lang='lat' dir='ltr'><strong>in-</strong></span> 
     </span>
     <span class='ocr_line' id='line_1_15' title="bbox 231 2111 1183 2186; baseline -0.006 -7"><span class='ocrx_word' id='word_1_99' title='bbox 231 2118 392 2179; x_wconf 80' lang='lat' dir='ltr'><strong>fructuosa</strong></span> <span class='ocrx_word' id='word_1_100' title='bbox 417 2112 614 2186; x_wconf 86' lang='lat' dir='ltr'><strong>inventione,</strong></span> <span class='ocrx_word' id='word_1_101' title='bbox 637 2112 751 2175; x_wconf 90' lang='lat' dir='ltr'><strong>veteris</strong></span> <span class='ocrx_word' id='word_1_102' title='bbox 773 2112 919 2175; x_wconf 89' lang='lat' dir='ltr'><strong>exercitii</strong></span> <span class='ocrx_word' id='word_1_103' title='bbox 945 2111 1091 2175; x_wconf 87' lang='lat' dir='ltr'><strong>duritiam</strong></span> <span class='ocrx_word' id='word_1_104' title='bbox 1117 2132 1183 2174; x_wconf 92' lang='lat' dir='ltr'><strong>non</strong></span> 
     </span>
     <span class='ocr_line' id='line_1_16' title="bbox 231 2213 1183 2299; baseline -0.003 -19"><span class='ocrx_word' id='word_1_105' title='bbox 231 2217 426 2299; x_wconf 87' lang='lat' dir='ltr'><strong>temperavit,</strong></span> <span class='ocrx_word' id='word_1_106' title='bbox 448 2213 506 2277; x_wconf 89' lang='lat' dir='ltr'><strong>sed</strong></span> <span class='ocrx_word' id='word_1_107' title='bbox 532 2215 695 2286; x_wconf 87' lang='lat' dir='ltr'><strong>emollivit,</strong></span> <span class='ocrx_word' id='word_1_108' title='bbox 720 2214 830 2277; x_wconf 90' lang='lat' dir='ltr'><strong>multis</strong></span> <span class='ocrx_word' id='word_1_109' title='bbox 856 2215 960 2278; x_wconf 92' lang='lat' dir='ltr'><strong>adhuc</strong></span> <span class='ocrx_word' id='word_1_110' title='bbox 991 2216 1024 2278; x_wconf 91' lang='lat' dir='ltr'><strong>in</strong></span> <span class='ocrx_word' id='word_1_111' title='bbox 1049 2213 1183 2297; x_wconf 90' lang='lat' dir='ltr'><strong>pristina</strong></span> 
     </span>
     <span class='ocr_line' id='line_1_17' title="bbox 231 2315 1182 2399; baseline -0.003 -19"><span class='ocrx_word' id='word_1_112' title='bbox 231 2317 432 2381; x_wconf 88' lang='lat' dir='ltr'><strong>manentibus</strong></span> <span class='ocrx_word' id='word_1_113' title='bbox 447 2315 611 2397; x_wconf 87' lang='lat' dir='ltr'><strong>gravitate.</strong></span> <span class='ocrx_word' id='word_1_114' title='bbox 642 2317 668 2378; x_wconf 83' lang='lat' dir='ltr'>A</span> <span class='ocrx_word' id='word_1_115' title='bbox 683 2315 830 2378; x_wconf 92' lang='lat' dir='ltr'><strong>manibus</strong></span> <span class='ocrx_word' id='word_1_116' title='bbox 844 2337 983 2399; x_wconf 88' lang='lat' dir='ltr'><strong>namque</strong></span> <span class='ocrx_word' id='word_1_117' title='bbox 995 2319 1182 2380; x_wconf 87' lang='lat' dir='ltr'><strong>Graecorum</strong></span> 
     </span>
     <span class='ocr_line' id='line_1_18' title="bbox 231 2415 1181 2493; baseline -0.003 -10"><span class='ocrx_word' id='word_1_118' title='bbox 231 2420 350 2483; x_wconf 91' lang='lat' dir='ltr'><strong>abacus</strong></span> <span class='ocrx_word' id='word_1_119' title='bbox 379 2416 522 2480; x_wconf 92' lang='lat' dir='ltr'><strong>nondum</strong></span> <span class='ocrx_word' id='word_1_120' title='bbox 553 2415 688 2492; x_wconf 85' lang='lat' dir='ltr'><strong>excidit,</strong></span> <span class='ocrx_word' id='word_1_121' title='bbox 715 2429 770 2479; x_wconf 91' lang='lat' dir='ltr'><strong>aut</strong></span> <span class='ocrx_word' id='word_1_122' title='bbox 796 2416 878 2479; x_wconf 83' lang='lat' dir='ltr'><strong>ratio</strong></span> <span class='ocrx_word' id='word_1_123' title='bbox 907 2416 1100 2493; x_wconf 86' lang='lat' dir='ltr'><strong>calculandi,</strong></span> <span class='ocrx_word' id='word_1_124' title='bbox 1126 2428 1181 2480; x_wconf 92' lang='lat' dir='ltr'><strong>aut</strong></span> 
     </span>
     <span class='ocr_line' id='line_1_19' title="bbox 230 2517 1183 2602; baseline -0.003 -18"><span class='ocrx_word' id='word_1_125' title='bbox 230 2521 326 2584; x_wconf 91' lang='lat' dir='ltr'><strong>ludus</strong></span> <span class='ocrx_word' id='word_1_126' title='bbox 348 2519 381 2582; x_wconf 91' lang='lat' dir='ltr'><strong>in</strong></span> <span class='ocrx_word' id='word_1_127' title='bbox 404 2539 468 2602; x_wconf 91' lang='lat' dir='ltr'><strong>quo</strong></span> <span class='ocrx_word' id='word_1_128' title='bbox 491 2520 584 2600; x_wconf 89' lang='lat' dir='ltr'><strong>plene</strong></span> <span class='ocrx_word' id='word_1_129' title='bbox 602 2519 714 2581; x_wconf 87' lang='lat' dir='ltr'><strong>vicisse</strong></span> <span class='ocrx_word' id='word_1_130' title='bbox 737 2529 794 2596; x_wconf 88' lang='lat' dir='ltr'><strong>cst,</strong></span> <span class='ocrx_word' id='word_1_131' title='bbox 810 2517 851 2581; x_wconf 91' lang='lat' dir='ltr'><strong>ad</strong></span> <span class='ocrx_word' id='word_1_132' title='bbox 874 2519 1100 2582; x_wconf 90' lang='lat' dir='ltr'><strong>denunciatum</strong></span> <span class='ocrx_word' id='word_1_133' title='bbox 1116 2520 1183 2581; x_wconf 87' lang='lat' dir='ltr'><strong>cal··</strong></span> 
     </span>
     <span class='ocr_line' id='line_1_20' title="bbox 229 2617 1181 2701; baseline -0.004 -17"><span class='ocrx_word' id='word_1_134' title='bbox 229 2622 348 2697; x_wconf 90' lang='lat' dir='ltr'><strong>culum,</strong></span> <span class='ocrx_word' id='word_1_135' title='bbox 362 2620 395 2682; x_wconf 92' lang='lat' dir='ltr'><strong>in</strong></span> <span class='ocrx_word' id='word_1_136' title='bbox 411 2618 534 2701; x_wconf 88' lang='lat' dir='ltr'><strong>campis</strong></span> <span class='ocrx_word' id='word_1_137' title='bbox 549 2617 722 2680; x_wconf 87' lang='lat' dir='ltr'><strong>adversarii</strong></span> <span class='ocrx_word' id='word_1_138' title='bbox 737 2618 942 2680; x_wconf 86' lang='lat' dir='ltr'><strong>constituisse</strong></span> <span class='ocrx_word' id='word_1_139' title='bbox 959 2617 1131 2700; x_wconf 84' lang='lat' dir='ltr'><strong>perlectam</strong></span> <span class='ocrx_word' id='word_1_140' title='bbox 1148 2630 1181 2680; x_wconf 90' lang='lat' dir='ltr'><strong>ct</strong></span> 
     </span>
     <span class='ocr_line' id='line_1_21' title="bbox 229 2716 1179 2793; baseline -0.003 -10"><span class='ocrx_word' id='word_1_141' title='bbox 229 2721 401 2784; x_wconf 83' lang='lat' dir='ltr'><strong>maximam</strong></span> <span class='ocrx_word' id='word_1_142' title='bbox 424 2718 631 2782; x_wconf 87' lang='lat' dir='ltr'><strong>harmoniam.</strong></span> <span class='ocrx_word' id='word_1_143' title='bbox 677 2717 783 2793; x_wconf 81' lang='lat' dir='ltr'><strong>Quum</strong></span> <span class='ocrx_word' id='word_1_144' title='bbox 805 2738 878 2780; x_wconf 91' lang='lat' dir='ltr'><strong>vero</strong></span> <span class='ocrx_word' id='word_1_145' title='bbox 900 2717 934 2780; x_wconf 94' lang='lat' dir='ltr'><strong>in</strong></span> <span class='ocrx_word' id='word_1_146' title='bbox 961 2716 1084 2781; x_wconf 88' lang='lat' dir='ltr'><strong>eisdem</strong></span> <span class='ocrx_word' id='word_1_147' title='bbox 1107 2718 1179 2780; x_wconf 89' lang='lat' dir='ltr'><strong>har-</strong></span> 
     </span>
     <span class='ocr_line' id='line_1_22' title="bbox 230 2819 1179 2895; baseline -0.002 -11"><span class='ocrx_word' id='word_1_148' title='bbox 230 2822 358 2885; x_wconf 90' lang='lat' dir='ltr'><strong>monica</strong></span> <span class='ocrx_word' id='word_1_149' title='bbox 368 2820 586 2895; x_wconf 86' lang='lat' dir='ltr'><strong>Arithmetica,</strong></span> <span class='ocrx_word' id='word_1_150' title='bbox 597 2819 646 2881; x_wconf 91' lang='lat' dir='ltr'><strong>vel</strong></span> <span class='ocrx_word' id='word_1_151' title='bbox 658 2820 861 2883; x_wconf 88' lang='lat' dir='ltr'><strong>Geometrica</strong></span> <span class='ocrx_word' id='word_1_152' title='bbox 870 2820 963 2882; x_wconf 89' lang='lat' dir='ltr'><strong>trium</strong></span> <span class='ocrx_word' id='word_1_153' title='bbox 975 2819 1179 2882; x_wconf 88' lang='lat' dir='ltr'><strong>terminorum</strong></span> 
     </span>
     <span class='ocr_line' id='line_1_23' title="bbox 229 2921 1181 3004; baseline -0.003 -18"><span class='ocrx_word' id='word_1_154' title='bbox 229 2924 398 2986; x_wconf 84' lang='lat' dir='ltr'><strong>medietate</strong></span> <span class='ocrx_word' id='word_1_155' title='bbox 425 2923 557 2996; x_wconf 84' lang='lat' dir='ltr'><strong>exultat,</strong></span> <span class='ocrx_word' id='word_1_156' title='bbox 585 2921 763 3004; x_wconf 89' lang='lat' dir='ltr'><strong>semiplena</strong></span> <span class='ocrx_word' id='word_1_157' title='bbox 788 2922 921 2984; x_wconf 84' lang='lat' dir='ltr'><strong>victoria</strong></span> <span class='ocrx_word' id='word_1_158' title='bbox 947 2931 1006 2984; x_wconf 89' lang='lat' dir='ltr'><strong>est.</strong></span> <span class='ocrx_word' id='word_1_159' title='bbox 1052 2921 1181 2992; x_wconf 83' lang='lat' dir='ltr'><strong>Quaevis</strong></span> 
     </span>
     <span class='ocr_line' id='line_1_24' title="bbox 229 3021 1181 3104; baseline -0.004 -18"><span class='ocrx_word' id='word_1_160' title='bbox 229 3026 382 3098; x_wconf 90' lang='lat' dir='ltr'><strong>alearum,</strong></span> <span class='ocrx_word' id='word_1_161' title='bbox 397 3024 454 3086; x_wconf 92' lang='lat' dir='ltr'><strong>etsi</strong></span> <span class='ocrx_word' id='word_1_162' title='bbox 477 3023 664 3102; x_wconf 88' lang='lat' dir='ltr'><strong>contingant</strong></span> <span class='ocrx_word' id='word_1_163' title='bbox 687 3024 767 3085; x_wconf 89' lang='lat' dir='ltr'><strong>citra</strong></span> <span class='ocrx_word' id='word_1_164' title='bbox 789 3023 946 3104; x_wconf 89' lang='lat' dir='ltr'><strong>triumphi</strong></span> <span class='ocrx_word' id='word_1_165' title='bbox 968 3021 1112 3102; x_wconf 85' lang='lat' dir='ltr'><strong>gloriam,</strong></span> <span class='ocrx_word' id='word_1_166' title='bbox 1126 3032 1181 3083; x_wconf 90' lang='lat' dir='ltr'><strong>aut</strong></span> 
     </span>
     <span class='ocr_line' id='line_1_25' title="bbox 230 3122 1180 3204; baseline -0.005 -17"><span class='ocrx_word' id='word_1_167' title='bbox 230 3123 372 3187; x_wconf 89' lang='lat' dir='ltr'><strong>ludentis</strong></span> <span class='ocrx_word' id='word_1_168' title='bbox 394 3123 589 3191; x_wconf 85' lang='lat' dir='ltr'><strong>felicitatem,</strong></span> <span class='ocrx_word' id='word_1_169' title='bbox 613 3132 668 3184; x_wconf 91' lang='lat' dir='ltr'><strong>aut</strong></span> <span class='ocrx_word' id='word_1_170' title='bbox 689 3123 764 3184; x_wconf 91' lang='lat' dir='ltr'><strong>artis</strong></span> <span class='ocrx_word' id='word_1_171' title='bbox 787 3122 931 3204; x_wconf 89' lang='lat' dir='ltr'><strong>peritiam</strong></span> <span class='ocrx_word' id='word_1_172' title='bbox 954 3129 1180 3203; x_wconf 88' lang='lat' dir='ltr'><strong>protestantur.</strong></span> 
     </span>
     <span class='ocr_line' id='line_1_26' title="bbox 227 3222 1180 3307; baseline -0.003 -17"><span class='ocrx_word' id='word_1_173' title='bbox 227 3225 418 3290; x_wconf 89' lang='lat' dir='ltr'><strong>Jucundum</strong></span> <span class='ocrx_word' id='word_1_174' title='bbox 449 3222 578 3307; x_wconf 89' lang='lat' dir='ltr'><strong>quidem</strong></span> <span class='ocrx_word' id='word_1_175' title='bbox 609 3230 640 3284; x_wconf 89' lang='lat' dir='ltr'><strong>et</strong></span> <span class='ocrx_word' id='word_1_176' title='bbox 670 3223 867 3285; x_wconf 79' lang='lat' dir='ltr'><strong>fructuosum</strong></span> <span class='ocrx_word' id='word_1_177' title='bbox 896 3233 955 3301; x_wconf 92' lang='lat' dir='ltr'><strong>est,</strong></span> <span class='ocrx_word' id='word_1_178' title='bbox 980 3242 1180 3287; x_wconf 88' lang='lat' dir='ltr'><strong>numerorum</strong></span> 
     </span>
     <span class='ocr_line' id='line_1_27' title="bbox 230 3323 1181 3409; baseline -0.004 -18"><span class='ocrx_word' id='word_1_179' title='bbox 230 3340 327 3391; x_wconf 81' lang='lat' dir='ltr'><strong>n&#39;ossc</strong></span> <span class='ocrx_word' id='word_1_180' title='bbox 337 3326 521 3402; x_wconf 89' lang='lat' dir='ltr'><strong>certamina,</strong></span> <span class='ocrx_word' id='word_1_181' title='bbox 532 3326 587 3409; x_wconf 88' lang='lat' dir='ltr'><strong>qui</strong></span> <span class='ocrx_word' id='word_1_182' title='bbox 600 3323 820 3408; x_wconf 90' lang='lat' dir='ltr'><strong>depredationi</strong></span> <span class='ocrx_word' id='word_1_183' title='bbox 830 3325 1027 3388; x_wconf 87' lang='lat' dir='ltr'><strong>inveniantur</strong></span> <span class='ocrx_word' id='word_1_184' title='bbox 1036 3326 1181 3406; x_wconf 88' lang='lat' dir='ltr'><strong>obnoxii,</strong></span> 
     </span>
     <span class='ocr_line' id='line_1_28' title="bbox 231 3426 1179 3512; baseline -0.002 -20"><span class='ocrx_word' id='word_1_185' title='bbox 231 3443 264 3492; x_wconf 90' lang='lat' dir='ltr'><strong>et</strong></span> <span class='ocrx_word' id='word_1_186' title='bbox 286 3450 349 3512; x_wconf 91' lang='lat' dir='ltr'><strong>qua</strong></span> <span class='ocrx_word' id='word_1_187' title='bbox 371 3428 491 3491; x_wconf 89' lang='lat' dir='ltr'><strong>ratione</strong></span> <span class='ocrx_word' id='word_1_188' title='bbox 513 3427 547 3489; x_wconf 93' lang='lat' dir='ltr'><strong>in</strong></span> <span class='ocrx_word' id='word_1_189' title='bbox 573 3427 685 3491; x_wconf 87' lang='lat' dir='ltr'><strong>castris</strong></span> <span class='ocrx_word' id='word_1_190' title='bbox 707 3426 772 3489; x_wconf 90' lang='lat' dir='ltr'><strong>sint</strong></span> <span class='ocrx_word' id='word_1_191' title='bbox 794 3427 850 3489; x_wconf 90' lang='lat' dir='ltr'><strong>alii</strong></span> <span class='ocrx_word' id='word_1_192' title='bbox 874 3427 1015 3499; x_wconf 88' lang='lat' dir='ltr'><strong>tutiores,</strong></span> <span class='ocrx_word' id='word_1_193' title='bbox 1039 3428 1179 3492; x_wconf 91' lang='lat' dir='ltr'><strong>omnium</strong></span> 
     </span>
     <span class='ocr_line' id='line_1_29' title="bbox 231 3527 1181 3614; baseline -0.002 -20"><span class='ocrx_word' id='word_1_194' title='bbox 231 3530 446 3614; x_wconf 88' lang='lat' dir='ltr'><strong>periculorum</strong></span> <span class='ocrx_word' id='word_1_195' title='bbox 461 3528 574 3609; x_wconf 86' lang='lat' dir='ltr'><strong>ignari,</strong></span> <span class='ocrx_word' id='word_1_196' title='bbox 586 3528 650 3591; x_wconf 89' lang='lat' dir='ltr'><strong>nisi</strong></span> <span class='ocrx_word' id='word_1_197' title='bbox 665 3527 744 3591; x_wconf 84' lang='lat' dir='ltr'><strong>forte</strong></span> <span class='ocrx_word' id='word_1_198' title='bbox 756 3527 962 3591; x_wconf 82' lang='lat' dir='ltr'><strong>circumventi</strong></span> <span class='ocrx_word' id='word_1_199' title='bbox 978 3527 1020 3590; x_wconf 89' lang='lat' dir='ltr'><strong>ad</strong></span> <span class='ocrx_word' id='word_1_200' title='bbox 1035 3528 1181 3592; x_wconf 89' lang='lat' dir='ltr'><strong>hostibus</strong></span> 
     </span>
     <span class='ocr_line' id='line_1_30' title="bbox 230 3629 1181 3714; baseline 0 -20"><span class='ocrx_word' id='word_1_201' title='bbox 230 3631 436 3713; x_wconf 85' lang='lat' dir='ltr'><strong>captiventur.</strong></span> <span class='ocrx_word' id='word_1_202' title='bbox 468 3629 577 3713; x_wconf 88' lang='lat' dir='ltr'><strong>Hujus</strong></span> <span class='ocrx_word' id='word_1_203' title='bbox 587 3629 749 3714; x_wconf 88' lang='lat' dir='ltr'><strong>voluptate</strong></span> <span class='ocrx_word' id='word_1_204' title='bbox 759 3629 949 3706; x_wconf 89' lang='lat' dir='ltr'><strong>certaminis,</strong></span> <span class='ocrx_word' id='word_1_205' title='bbox 959 3629 1181 3709; x_wconf 85' lang='lat' dir='ltr'><strong>Ptolomaeum,</strong></span> 
     </span>
     <span class='ocr_line' id='line_1_31' title="bbox 231 3731 1180 3816; baseline 0.001 -22"><span class='ocrx_word' id='word_1_206' title='bbox 231 3731 460 3806; x_wconf 85' lang='lat' dir='ltr'><strong>Alexandrum,</strong></span> <span class='ocrx_word' id='word_1_207' title='bbox 478 3731 649 3806; x_wconf 82' lang='lat' dir='ltr'><strong>Caesarem,</strong></span> <span class='ocrx_word' id='word_1_208' title='bbox 666 3732 834 3810; x_wconf 86' lang='lat' dir='ltr'><strong>Catonem,</strong></span> <span class='ocrx_word' id='word_1_209' title='bbox 853 3732 958 3815; x_wconf 89' lang='lat' dir='ltr'><strong>ipsum</strong></span> <span class='ocrx_word' id='word_1_210' title='bbox 981 3752 1107 3816; x_wconf 90' lang='lat' dir='ltr'><strong>quoque</strong></span> <span class='ocrx_word' id='word_1_211' title='bbox 1125 3732 1180 3796; x_wconf 91' lang='lat' dir='ltr'><strong>Sa·</strong></span> 
     </span>
     <span class='ocr_line' id='line_1_32' title="bbox 230 3831 1179 3914; baseline 0.001 -21"><span class='ocrx_word' id='word_1_212' title='bbox 230 3831 328 3894; x_wconf 90' lang='lat' dir='ltr'><strong>mium</strong></span> <span class='ocrx_word' id='word_1_213' title='bbox 344 3831 501 3912; x_wconf 88' lang='lat' dir='ltr'><strong>graviores</strong></span> <span class='ocrx_word' id='word_1_214' title='bbox 514 3853 627 3914; x_wconf 91' lang='lat' dir='ltr'><strong>operas</strong></span> <span class='ocrx_word' id='word_1_215' title='bbox 641 3832 775 3914; x_wconf 82' lang='lat' dir='ltr'><strong>legimus</strong></span> <span class='ocrx_word' id='word_1_216' title='bbox 790 3845 995 3914; x_wconf 88' lang='lat' dir='ltr'><strong>temperasse,</strong></span> <span class='ocrx_word' id='word_1_217' title='bbox 1005 3853 1069 3914; x_wconf 91' lang='lat' dir='ltr'><strong>quo</strong></span> <span class='ocrx_word' id='word_1_218' title='bbox 1084 3832 1179 3894; x_wconf 88' lang='lat' dir='ltr'><strong>etiam</strong></span> 
     </span>
     <span class='ocr_line' id='line_1_33' title="bbox 228 3931 1180 4014; baseline -0.003 -17"><span class='ocrx_word' id='word_1_219' title='bbox 228 3935 311 3997; x_wconf 92' lang='lat' dir='ltr'><strong>inter</strong></span> <span class='ocrx_word' id='word_1_220' title='bbox 325 3932 504 3996; x_wconf 90' lang='lat' dir='ltr'><strong>ludendum</strong></span> <span class='ocrx_word' id='word_1_221' title='bbox 517 3931 552 3995; x_wconf 92' lang='lat' dir='ltr'><strong>id</strong></span> <span class='ocrx_word' id='word_1_222' title='bbox 568 3944 709 4013; x_wconf 88' lang='lat' dir='ltr'><strong>agerent,</strong></span> <span class='ocrx_word' id='word_1_223' title='bbox 720 3932 804 3995; x_wconf 91' lang='lat' dir='ltr'><strong>unde</strong></span> <span class='ocrx_word' id='word_1_224' title='bbox 821 3943 927 3996; x_wconf 89' lang='lat' dir='ltr'><strong>essent</strong></span> <span class='ocrx_word' id='word_1_225' title='bbox 942 3931 1180 4014; x_wconf 91' lang='lat' dir='ltr'><strong>Philosophicis</strong></span> 
     </span>
     <span class='ocr_line' id='line_1_34' title="bbox 231 4032 1183 4118; baseline -0.005 -21"><span class='ocrx_word' id='word_1_226' title='bbox 231 4035 370 4115; x_wconf 85' lang='lat' dir='ltr'><strong>negotiis</strong></span> <span class='ocrx_word' id='word_1_227' title='bbox 399 4034 547 4118; x_wconf 88' lang='lat' dir='ltr'><strong>aptiores.</strong></span> <span class='ocrx_word' id='word_1_228' title='bbox 601 4034 681 4097; x_wconf 81' lang='lat' dir='ltr'><strong>Alea</strong></span> <span class='ocrx_word' id='word_1_229' title='bbox 710 4055 784 4097; x_wconf 88' lang='lat' dir='ltr'><strong>vero</strong></span> <span class='ocrx_word' id='word_1_230' title='bbox 814 4034 925 4099; x_wconf 88' lang='lat' dir='ltr'><strong>exciso</strong></span> <span class='ocrx_word' id='word_1_231' title='bbox 954 4054 1054 4116; x_wconf 85' lang='lat' dir='ltr'><strong>regno</strong></span> <span class='ocrx_word' id='word_1_232' title='bbox 1085 4032 1183 4105; x_wconf 81' lang='lat' dir='ltr'><strong>Asiae,</strong></span> 
     </span>
     <span class='ocr_line' id='line_1_35' title="bbox 228 4136 1183 4201; baseline -0.008 -4"><span class='ocrx_word' id='word_1_233' title='bbox 228 4136 309 4198; x_wconf 92' lang='lat' dir='ltr'><strong>inter</strong></span> <span class='ocrx_word' id='word_1_234' title='bbox 334 4137 502 4199; x_wconf 89' lang='lat' dir='ltr'><strong>manubias</strong></span> <span class='ocrx_word' id='word_1_235' title='bbox 533 4157 651 4199; x_wconf 86' lang='lat' dir='ltr'><strong>eversae</strong></span> <span class='ocrx_word' id='word_1_236' title='bbox 678 4137 766 4200; x_wconf 90' lang='lat' dir='ltr'><strong>urbis</strong></span> <span class='ocrx_word' id='word_1_237' title='bbox 790 4158 857 4200; x_wconf 89' lang='lat' dir='ltr'><strong>non</strong></span> <span class='ocrx_word' id='word_1_238' title='bbox 885 4140 944 4201; x_wconf 91' lang='lat' dir='ltr'><strong>sub</strong></span> <span class='ocrx_word' id='word_1_239' title='bbox 970 4155 1034 4198; x_wconf 88' lang='lat' dir='ltr'><strong>una</strong></span> <span class='ocrx_word' id='word_1_240' title='bbox 1060 4141 1183 4194; x_wconf 87' lang='lat' dir='ltr'><strong>tantum</strong></span> 
     </span>
     <span class='ocr_line' id='line_1_36' title="bbox 227 4229 1183 4320; baseline 0.003 -22"><span class='ocrx_word' id='word_1_241' title='bbox 227 4236 350 4318; x_wconf 86' lang='lat' dir='ltr'><strong>specie,</strong></span> <span class='ocrx_word' id='word_1_242' title='bbox 364 4237 510 4320; x_wconf 84' lang='lat' dir='ltr'><strong>migravit</strong></span> <span class='ocrx_word' id='word_1_243' title='bbox 526 4237 567 4301; x_wconf 89' lang='lat' dir='ltr'><strong>ad</strong></span> <span class='ocrx_word' id='word_1_244' title='bbox 583 4239 727 4302; x_wconf 86' lang='lat' dir='ltr'><strong>Graecos.</strong></span> <span class='ocrx_word' id='word_1_245' title='bbox 775 4238 864 4303; x_wconf 90' lang='lat' dir='ltr'><strong>Hinc</strong></span> <span class='ocrx_word' id='word_1_246' title='bbox 881 4250 1012 4311; x_wconf 84' lang='lat' dir='ltr'><strong>tessera,</strong></span> <span class='ocrx_word' id='word_1_247' title='bbox 1028 4229 1183 4301; x_wconf 77' lang='lat' dir='ltr'><strong>cuculus,</strong></span> 
     </span>
     <span class='ocr_line' id='line_1_37' title="bbox 273 4340 1153 4400; baseline 0.002 -2"><span class='ocrx_word' id='word_1_248' title='bbox 273 4355 348 4400; x_wconf 82' lang='lat' dir='ltr'><strong>vor..</strong></span> <span class='ocrx_word' id='word_1_249' title='bbox 364 4356 416 4400; x_wconf 88' lang='lat'><strong>111.</strong></span> <span class='ocrx_word' id='word_1_250' title='bbox 696 4357 717 4399; x_wconf 88' lang='lat' dir='ltr'><strong>n</strong></span> <span class='ocrx_word' id='word_1_251' title='bbox 1094 4340 1100 4355; x_wconf 73' lang='lat'><strong>¹</strong></span> <span class='ocrx_word' id='word_1_252' title='bbox 1151 4362 1153 4369; x_wconf 60' lang='lat'><strong><em>¹</em></strong></span> 
     </span>
    </p>
   </div>
   <div class='ocr_carea' id='block_1_3' title="bbox 0 0 1660 5309">
    <p class='ocr_par' dir='ltr' id='par_1_3' title="bbox 0 0 1660 5309">
     <span class='ocr_line' id='line_1_38' title="bbox 0 0 1660 5309; baseline 0 0"><span class='ocrx_word' id='word_1_253' title='bbox 0 0 1660 5309; x_wconf 95' lang='lat' dir='ltr'><strong> </strong></span> 
     </span>
    </p>
   </div>
  </div>
 </body>
</html>
