3309 5309
356 677 419 736 9⁷4
613 690 749 736 ioannis
765 688 1043 735 sanasaaruuusls
1183 673 1265 753 [irs.
1281 689 1311 732 v.

358 841 509 906 Nicolaus
523 854 638 929 quarta
653 854 685 906 et
702 853 792 905 sexta
806 839 886 904 feria
900 841 997 905 semel
1012 840 1143 921 lacteus,
1157 840 1190 904 in
1206 841 1311 904 cunis:

358 962 412 1010 aut
422 945 544 1011 meritis
553 967 591 1010 ex
599 945 714 1031 gratia,
725 957 762 1009 ut
774 944 830 1030 qui
839 943 924 1008 facili
937 945 988 1009 via
1001 947 1155 1010 bonorum
1167 966 1311 1030 operum,

358 1047 438 1111 sicut
463 1051 622 1132 poeuiteus
651 1047 745 1120 latro,
771 1045 821 1110 vel
846 1045 967 1110 difficili
995 1060 1028 1112 et
1057 1046 1145 1112 felici
1176 1045 1310 1112 transitu

357 1165 517 1213 merentur
532 1172 630 1235 regua
644 1149 809 1226 coelorum,
825 1147 914 1214 velut
930 1148 1163 1235 Apostolorum
1183 1149 1309 1225 chorus,

356 1262 388 1314 et
404 1253 597 1337 Martyrum.
634 1253 705 1316 Hos
720 1261 827 1313 autem
843 1261 908 1313 tres
921 1248 1049 1314 ordines
1063 1251 1171 1315 innuit
1186 1253 1289 1329 Mero,

638 1399 735 1454 Facilis
746 1399 887 1452 descensus
899 1399 1006 1450 Averni.

350 1489 356 1500 '
462 1487 562 1541 Noctes
572 1485 651 1558 atque
664 1489 721 1541 dies
731 1493 806 1559 patet
816 1489 866 1541 atri
873 1489 956 1560 janus
968 1487 1053 1540 Ditis:

461 1573 515 1626 Sed
526 1589 644 1626 revocare
655 1573 773 1642 gradum,
786 1589 943 1644 superasque
956 1572 1066 1626 evadere
1077 1572 1112 1625 ad
1123 1588 1210 1636 amas,

463 1659 522 1712 Hoc
533 1676 605 1731 opus,
618 1660 660 1712 hic
671 1659 745 1712 labor
756 1664 809 1712 est:
827 1659 911 1730 pauci,
923 1675 988 1727 quos
998 1676 1088 1728 oequus
1099 1659 1197 1712 amarit

461 1745 572 1815 Jupiter,
583 1751 628 1797 aut
639 1745 733 1798 ardens
744 1747 833 1798 evexit
844 1744 879 1797 ad
890 1743 990 1797 aethers
1000 1744 1091 1809 virtus,

461 1831 521 1883 Diis
531 1832 613 1899 geniti
624 1837 740 1902 potuere.

356 1971 444 2041 Quos
459 1989 535 2051 ergo
554 1988 675 2031 morum
691 1966 848 2052 elegantia
868 1965 985 2029 divinae
1007 1965 1153 2029 videmus
1171 1965 1306 2030 bonitati

355 2068 541 2144 conformes,
558 2068 711 2133 debemus
732 2083 883 2153 tanquam
898 2068 1092 2132 verissimam
1116 2081 1149 2132 et
1164 2066 1306 2132 fidelissi·

354 2191 437 2233 mam
465 2169 526 2233 Dei
555 2170 725 2252 imaginem
750 2170 903 2235 venerari.
947 2168 1090 2234 Ministri
1116 2190 1193 2232 vero
1223 2180 1306 2247 sunt,

353 2290 435 2353 quos
449 2267 614 2353 dispositio
628 2270 736 2337 divina
750 2271 886 2350 vocavit,
897 2283 933 2335 ut
948 2269 1149 2355 corripiendo
1163 2282 1196 2334 et
1211 2269 1306 2332 corri-

352 2367 458 2454 gendo
482 2368 569 2449 vitia,
582 2384 639 2435 aut
663 2372 798 2436 virtutes
815 2371 993 2448 inserendo,
1008 2384 1065 2436 aut
1086 2371 1305 2458 propagando,

353 2480 490 2532 suamet
510 2466 644 2533 aliorum
666 2482 838 2555 procurent
862 2469 1006 2535 salutem.
1053 2470 1117 2546 Qui
1136 2491 1213 2533 vero
1231 2468 1257 2532 ei
1273 2467 1304 2531 in

348 2571 422 2656 jure
437 2569 577 2634 humano
596 2570 788 2648 ministrent,
805 2583 895 2636 tanto
912 2570 1076 2634 inferiores
1090 2583 1166 2635 sunt
1187 2569 1237 2634 his
1250 2569 1305 2656 qui

352 2671 532 2736 ministrant
548 2672 579 2735 iu
596 2672 714 2750 divino,
727 2685 885 2759 quantum
898 2671 1014 2737 divinis
1028 2673 1166 2737 humana
1177 2671 1304 2736 cedunt.

353 3024 433 3109 Cap.
450 3030 479 3087 5.
505 3025 584 3098 Qtsoe
598 3044 695 3106 poerto
710 3027 879 3088 immineat
895 3026 955 3104 isis,
967 3027 1025 3109 qui
1038 3027 1199 3089 ministris
1211 3027 1303 3089 eccle·

394 3128 448 3188 sice
469 3127 670 3207 locorumque
694 3126 937 3204 cannabinum,
959 3128 1104 3210 injurios
1131 3129 1300 3210 inserunt:

394 3237 425 3292 et
455 3227 494 3291 de
518 3229 697 3309 privilegiis
721 3229 859 3290 locorum
883 3229 1131 3293 venerabilium:
1164 3236 1196 3292 ct
1219 3229 1304 3310 quod

393 3329 548 3391 absolutio
563 3349 621 3392 nec
631 3348 691 3411 per
705 3331 767 3390 vim
783 3332 973 3410 enimam,
989 3349 1048 3394 nec
1061 3331 1184 3412 canipe·
1199 3335 1303 3412 potest

391 3430 626 3511 perfraudem,

394 3579 435 3640 Iu
450 3575 499 3640 his
514 3590 620 3642 autem
636 3579 693 3664 qui
705 3580 780 3665 jura
794 3579 905 3645 diviua
919 3578 1113 3658 ministrant,
1130 3582 1218 3646 Deus
1233 3603 1300 3665 proe

349 3676 471 3741 caeteris
483 3677 656 3745 honoratur
670 3693 727 3745 aut
739 3680 900 3767 spernitur
912 3704 921 3753 ;
945 3701 1047 3765 quum
1061 3680 1189 3745 illorum
1205 3681 1300 3745 hono-

348 3797 427 3854 rem,
448 3790 503 3842 aut
527 3790 743 3864 contemptum
767 3780 932 3867 proprium
956 3795 1094 3867 reputet.
1140 3784 1228 3847 Hiuc
1253 3793 1299 3846 est

349 3875 446 3940 illud:
475 3878 549 3962 Ego
563 3879 631 3942 dixi
649 3881 703 3945 Dii
719 3882 801 3946 estis.
838 3884 884 3947 Et
906 3882 991 3947 labia
1006 3882 1179 3949 sacerdotis
1192 3896 1300 3949 custo·

348 3976 440 4042 diunt
457 3977 629 4051 scientiam,
647 3993 678 4044 et
696 3980 796 4065 legem
818 3987 988 4069 requirunt
1003 4006 1043 4048 ex
1058 4007 1114 4048 ore
1128 3986 1209 4072 ejus,
1224 3983 1300 4071 quia

347 4079 480 4165 angelus
495 4076 626 4142 Domini
641 4080 840 4146 exercituum
855 4096 916 4148 est.
950 4085 1027 4170 ipsa
1040 4106 1173 4171 quoque
1185 4086 1298 4150 veritas

347 4182 413 4246 ait:
445 4182 510 4258 Qui
531 4203 587 4244 vos
608 4180 710 4258 audit,
727 4206 777 4247 me
798 4184 909 4249 audit:
944 4186 1078 4270 quivos
1101 4185 1225 4272 recipit,
1247 4207 1298 4250 me

298 4345 306 4362 ,
344 4283 466 4370 recipit,
481 4294 512 4347 et
529 4282 584 4369 qui
601 4305 656 4347 vos
672 4285 804 4369 spernit,
821 4285 941 4370 spernit
957 4308 1029 4350 eum
1053 4287 1111 4372 qui
1127 4309 1179 4352 me
1194 4287 1296 4352 misit:
