3309 5309
361 678 402 737 86
630 688 766 734 Joauurs
781 687 1060 732 sauesnaurausrs
1182 671 1264 751 [mn.
1281 692 1319 737 11.

366 865 464 927 quam
488 840 670 905 daemonum
698 851 793 916 nutu,
816 839 922 904 sedem
951 840 1074 918 statuit,
1095 850 1127 904 et
1150 855 1321 908 sementem

366 945 502 1007 Romani
518 943 653 1027 generis,
668 946 699 1006 in
716 941 810 1006 horto
825 940 883 1028 qui
898 941 944 1006 eia
963 943 1210 1028 complacuerat,
1226 946 1321 1010 semi·

364 1049 462 1111 navit.
509 1042 598 1117 Quid
626 1043 709 1106 enim
736 1040 821 1107 aliud
849 1043 917 1126 agit
939 1043 970 1107 in
995 1048 1111 1109 somnis
1133 1058 1226 1132 pater
1249 1049 1319 1111 An-

363 1148 475 1226 chises,
501 1145 581 1232 quid
608 1145 749 1228 Jupiter,
775 1144 856 1230 quid
882 1145 1010 1231 Apollo,
1037 1147 1117 1232 quid
1146 1147 1213 1227 alii,
1238 1172 1319 1235 quos

362 1251 495 1334 longum
511 1261 559 1313 est
582 1246 738 1310 recitare?
777 1244 875 1308 Unde
896 1247 920 1309 ai
943 1245 983 1309 de
1004 1246 1122 1310 semine
1141 1246 1197 1311 illo
1217 1271 1321 1330 genus

363 1351 467 1415 oritur
490 1349 676 1422 toxicatum,
700 1346 834 1433 impium
858 1346 890 1410 in
914 1351 1034 1425 Deum,
1056 1348 1184 1414 crudele
1208 1349 1242 1413 in
1264 1350 1320 1415 bo·

363 1457 472 1530 mines,
494 1452 706 1536 persecutioni
733 1464 915 1514 sanctorum
940 1450 1124 1535 invigilans,
1145 1451 1210 1515 fide
1235 1475 1317 1530 rara,

363 1555 503 1620 sollemni
520 1551 664 1640 perfidia,
676 1550 789 1617 servile
802 1551 956 1628 moribus,
967 1551 1053 1616 fastu
1069 1553 1185 1638 regale,
1195 1554 1317 1619 foedum

361 1657 506 1732 avaritia,
536 1653 768 1741 cupiditatibus
797 1652 932 1736 insigne,
967 1653 1116 1738 superbia
1145 1655 1315 1733 tumidum,

362 1757 543 1822 omnimoda
577 1755 719 1841 nequitia
755 1776 817 1817 non
855 1752 1032 1834 ferendum,
1062 1757 1222 1822 miraculis
1255 1780 1315 1822 non

362 1860 457 1926 debet
476 1857 628 1930 adscribi;
661 1879 761 1942 quum
778 1868 890 1920 auctor
911 1878 1020 1920 eorum
1037 1856 1196 1922 homicida
1217 1859 1315 1924 fuerit

363 1962 403 2026 ab
424 1962 528 2038 initio,
547 1974 578 2024 et
603 1984 621 2024 a
636 1962 771 2024 veritate
786 1958 945 2040 deficiens,
961 1959 1092 2025 invidiae
1107 1960 1230 2046 spiculo
1249 1961 1317 2028 orbi

362 2076 517 2126 terrarum
540 2060 681 2125 infixerit
705 2075 849 2125 mortem.
896 2060 963 2134 Qui
989 2085 1066 2148 ergo
1092 2086 1132 2126 ex
1160 2086 1198 2126 eo
1223 2077 1314 2151 patre

362 2177 447 2241 sunt,
472 2162 531 2226 etsi
558 2163 627 2247 ejus
654 2178 813 2248 nequeant
838 2164 971 2250 implere
998 2187 1190 2246 mensuram,
1215 2166 1314 2230 solent

363 2280 466 2329 tamen
483 2263 569 2327 illius
583 2263 703 2327 imitari
720 2264 890 2330 malitiam:
912 2266 984 2330 licet
1006 2268 1038 2329 in
1055 2266 1148 2331 horto
1168 2266 1224 2331 illo
1239 2289 1313 2331 non·

361 2366 464 2430 nullas
478 2365 614 2450 plantas,
631 2389 702 2451 quae
727 2366 856 2431 virtutis
870 2367 1012 2432 fructum
1029 2367 1211 2451 ilrigatione
1227 2372 1314 2455 Apo-

362 2467 470 2532 stolica
482 2467 616 2544 faciunt,
629 2489 723 2532 manu
737 2467 857 2533 domini
868 2482 989 2534 constet
1002 2492 1069 2532 esse
1081 2473 1223 2535 insertas
1253 2470 1314 2535 Sed

360 2570 385 2636 si
396 2575 468 2655 quis
478 2571 518 2635 ab
529 2570 621 2634 initio
632 2571 865 2637 urbisconditae
879 2583 978 2636 totam
989 2572 1129 2638 revolvat
1138 2573 1313 2651 historiam,

361 2697 414 2736 eos
425 2674 598 2738 ambitione
609 2685 641 2738 et
653 2673 786 2738 avaritia
797 2696 865 2758 prae
877 2677 999 2738 caeteris
1014 2675 1165 2758 gentibus
1175 2675 1313 2741 inveniet

359 2774 528 2852 laborasse,
545 2789 576 2840 et
592 2776 688 2840 variis
708 2775 916 2839 seditionibus
936 2790 968 2841 ct
988 2775 1092 2862 plagis
1113 2789 1218 2842 totum
1241 2799 1313 2842 con-

359 2879 492 2944 cussisse
507 2878 627 2942 orbem.
669 2878 737 2963 Ipsi
748 2901 877 2963 quoque
889 2878 1069 2965 tyrannidis
1079 2892 1112 2943 et
1122 2878 1312 2944 seditionum

359 3003 500 3060 suarum,
513 2995 577 3045 tam
590 2979 699 3044 crebra
712 2980 830 3044 damna
840 2994 1015 3061 senserunt,
1025 2994 1062 3045 ut
1073 2985 1130 3046 vix
1142 2982 1310 3069 quisquam

357 3085 537 3172 principum
565 3106 672 3146 eorum
697 3082 737 3146 ad
762 3083 885 3147 exitum
914 3083 1000 3162 vitae,
1021 3096 1137 3147 natura
1163 3084 1311 3161 ducente,

358 3186 546 3270 pervenerit.
593 3184 689 3247 Unde
710 3196 741 3248 et
762 3182 842 3248 illud
859 3183 1054 3269 satyricum,
1070 3183 1135 3247 illis
1150 3182 1311 3271 aptissime

355 3286 449 3351 facit:

460 3393 505 3444 Ad
516 3411 640 3459 generum
654 3394 766 3455 Cereris,
779 3396 836 3447 sine
848 3396 919 3446 caede
930 3400 957 3446 et
969 3395 1104 3461 sangiune,
1116 3396 1193 3465 pauci

461 3476 629 3529 Descendunt
640 3493 725 3544 reges,
739 3483 766 3530 et
778 3479 846 3530 sicca
857 3486 941 3532 morte
953 3480 1064 3548 tyranni.

356 3574 393 3634 ln
418 3569 582 3655 scripturis
605 3591 735 3656 qnoque
757 3572 915 3636 canonicis
938 3573 1147 3638 inveniuntur
1172 3575 1315 3661 plurimu¹

355 3669 503 3735 oracula:
528 3682 566 3733 nt
582 3693 680 3756 quum
696 3670 814 3756 Joseph
832 3674 863 3735 in
880 3673 997 3738 somnis
1011 3674 1052 3738 ab
1068 3674 1182 3760 angelo
1197 3677 1313 3763 saepiua

352 3769 515 3834 eruditur:
540 3771 647 3854 Magis
659 3771 872 3851 interdicitur,
882 3795 921 3835 ne
933 3773 1064 3839 redeant
1073 3774 1114 3838 ad
1127 3775 1308 3842 Herodem:

351 3872 484 3936 docetur
499 3873 614 3935 Petrus
636 3872 667 3935 in
691 3872 851 3958 reptilium
867 3874 1060 3956 linteamine,
1074 3876 1308 3962 plenitudinem

350 3976 494 4062 gentium
507 3974 726 4060 colligendam.
764 3981 810 4042 Et
825 4000 925 4063 quum
942 3979 1070 4044 visitato
1085 3981 1126 4045 ab
1142 3983 1310 4068 Apostolis

349 4075 570 4152 Constantino,
586 4079 688 4141 crucis
709 4090 849 4142 erectum
871 4092 919 4142 est
939 4079 971 4144 in
992 4083 1117 4166 imperii
1138 4107 1212 4150 arce
1230 4108 1308 4151 vex-

346 4184 447 4263 illum,
459 4195 490 4245 et
502 4201 579 4265 paee
591 4177 728 4244 ecclesiis
740 4178 898 4257 restituta,
913 4184 1061 4269 majestas
1073 4185 1160 4249 orbis
1172 4185 1306 4272 publica

346 4309 420 4350 voce
438 4283 682 4364 scriniariorum,
698 4282 926 4348 advocatorum
947 4301 978 4351 et
997 4287 1157 4371 judicum,
1173 4312 1315 4357 omnem.
