3309 5309
346 642 411 688 cae.
429 624 494 704 na]
689 609 942 688 consensimus.
1262 632 1303 689 tt
1333 642 1336 649 ·

347 792 484 875 probum
511 792 708 878 quandoque
733 792 876 857 modesta
900 792 1057 857 hilaritate
1080 792 1225 872 mulceri,
1246 794 1302 857 sed

346 894 594 978 ignominiosum
627 910 673 958 est
703 895 891 979 gravitatem
922 894 1142 980 hujuscemodi
1173 894 1302 958 lascivia

345 996 533 1081 frequenter
556 995 680 1060 resolvi.
721 983 773 1060 Ab
798 998 868 1060 istis
895 1019 1021 1081 qnoque
1045 996 1246 1082 spectaculis,
1267 1012 1299 1060 et

344 1098 481 1160 maxime
510 1097 552 1161 ab
583 1098 737 1173 obscenis,
764 1097 822 1161 riri
848 1097 1002 1161 arcendus
1027 1110 1074 1162 est
1104 1098 1226 1173 oculus,
1258 1118 1299 1161 ne

344 1200 573 1264 incontinentia
587 1202 668 1286 ejus,
679 1200 792 1264 mentis
806 1224 937 1287 quoque
952 1200 1184 1286 impudicitiam
1200 1197 1300 1265 fateass

346 1316 408 1366 tur.
447 1302 589 1388 Egregie
606 1303 764 1388 siquidem
780 1303 968 1388 Sophoclem
988 1304 1155 1368 Praetorem
1176 1303 1300 1389 collega

345 1405 484 1470 Pericles
506 1427 653 1490 arguens,
676 1408 740 1471 ait:
769 1406 869 1469 Decet
897 1408 1070 1470 Praetorem
1097 1405 1297 1491 Sophoclem,

347 1530 408 1570 non
425 1507 522 1571 modo
546 1530 671 1586 manus,
687 1507 741 1570 sed
767 1523 798 1571 et
822 1507 932 1569 oculos
953 1507 1069 1570 babere
1092 1506 1298 1571 continentes.

345 1612 480 1685 Averte,
501 1609 617 1694 inquit,
641 1609 749 1685 horno,
771 1609 824 1671 cui
845 1609 884 1671 de
906 1609 995 1693 regni
1016 1608 1179 1692 majestate
1198 1608 1300 1672 multa

346 1710 497 1787 licebant,
518 1710 628 1774 oculos
650 1734 748 1788 meos,
764 1733 804 1773 ne
825 1709 956 1774 videant
979 1709 1170 1774 vanitatem:
1202 1709 1300 1772 sciens

346 1812 459 1896 utique
473 1833 586 1875 verum
602 1834 668 1875 esse
685 1810 771 1898 quod
785 1810 865 1875 alius
880 1808 1080 1895 ingemiscit;
1104 1808 1301 1895 quiaocnlus

346 1936 436 1976 meus
460 1912 665 1998 depraedatus
690 1925 737 1976 est
764 1914 900 1975 animam
927 1933 1039 1976 meam.
1085 1915 1299 1976 Veruntamen

347 2015 424 2101 qnid
445 2014 476 2078 in
500 2015 635 2099 singulis
656 2015 758 2101 prosit
781 2014 830 2077 vel
857 2014 978 2089 deceat,
1002 2012 1126 2077 animus
1150 2013 1300 2100 sapientis

347 2118 495 2194 advertit,
523 2141 579 2181 nec
600 2118 751 2203 apologos
773 2118 905 2203 refugit,
927 2131 983 2181 aut
1010 2118 1217 2195 narrationes,
1240 2133 1297 2182 aut

348 2243 549 2307 quaecunque
578 2221 768 2306 spectacula,
794 2220 873 2284 dum
903 2219 1043 2296 virtutis,
1070 2233 1127 2284 aut
1157 2219 1298 2285 honestae

348 2322 498 2386 utilitatis
513 2321 650 2385 habeant
664 2321 920 2386 instrumentum.
953 2322 1056 2384 Sacrae
1071 2320 1203 2406 quidem
1214 2343 1299 2384 com-

348 2423 508 2487 munionis
537 2423 673 2507 gratiam
703 2422 923 2497 histrionibus,
953 2437 984 2487 et
1014 2424 1129 2498 mimis,
1156 2422 1233 2488 dum
1263 2426 1297 2488 in

348 2525 470 2591 malitia
491 2538 705 2611 perseverant,
725 2547 766 2589 ex
787 2526 978 2590 anctoritate
1000 2539 1127 2612 patrum
1151 2549 1214 2590 non
1232 2550 1298 2590 am-

347 2626 431 2710 bigis
446 2650 512 2690 esse
532 2627 730 2713 praeclusam.
777 2627 874 2691 Unde
890 2626 970 2713 quid
993 2626 1175 2690 fautoribus
1189 2649 1299 2690 eorum

346 2728 510 2793 immineat
532 2729 666 2815 colligis,
688 2730 714 2793 si
738 2730 900 2805 facientes,
924 2741 955 2793 et
978 2730 1208 2793 consentientes
1231 2729 1300 2814 pari

348 2850 444 2914 poena
470 2829 580 2892 recolis
605 2852 672 2893 esse
700 2829 895 2914 plectendos.
940 2827 1003 2903 Qui
1029 2828 1159 2907 donant,
1185 2827 1301 2914 inquit,

346 2930 567 3008 histrionibus,
576 2954 676 3016 quare
687 2931 832 2995 donant?
855 2932 927 2994 Hoc
940 2931 1051 3016 utique
1062 2929 1093 2992 in
1106 2928 1169 2993 illis
1179 2929 1301 3004 fovent,

346 3033 376 3095 in
394 3056 463 3119 quo
479 3034 662 3118 nequissimi
678 3046 762 3098 sunt.
798 3037 923 3117 Nempe
939 3033 996 3117 qui
1010 3032 1186 3116 nequitiam
1203 3032 1302 3107 fovet,

344 3149 434 3201 estne
446 3135 575 3197 bonus?
599 3135 705 3210 Quum
719 3157 794 3197 vero
808 3135 950 3196 omnium
963 3133 1097 3195 istorum
1110 3131 1150 3193 sit
1161 3130 1300 3208 odibilis,

345 3237 477 3301 illorum
501 3247 604 3298 tamen
628 3234 685 3319 qui
700 3235 804 3299 minus
826 3247 950 3309 nocent,
966 3233 1088 3298 malitia
1111 3221 1309 3299 tolerabilior

349 3351 408 3402 est.

391 3635 472 3717 Cap.
488 3637 517 3695 9.
546 3632 639 3695 Unde
653 3633 782 3695 cibatur
792 3634 1008 3715 praestigium,
1023 3641 1053 3696 et
1070 3634 1256 3717 quissuerit

720 3736 832 3793 auctor
847 3731 927 3809 ejus.

392 3849 462 3911 Eos
473 3860 579 3912 autem
592 3846 649 3933 qui
661 3848 843 3912 nocentiora
859 3847 1032 3933 praestigia,
1042 3861 1190 3934 artesque
1202 3848 1301 3933 magi-

349 3973 401 4014 cas
415 3962 448 4015 et
462 3952 563 4016 varias
578 3949 697 4036 species
708 3948 941 4015 mathematicae
956 3952 1133 4037 reprobatae
1145 3963 1304 4026 exercent,

349 4053 414 4137 jam
431 4052 554 4137 pridem
575 4051 673 4116 sancti
695 4065 800 4139 patres
821 4052 863 4115 ab
877 4044 951 4117 aula
972 4052 1109 4116 amoveri
1129 4052 1304 4137 jusserunt,

353 4177 389 4217 eo
404 4154 491 4240 quod
513 4154 619 4219 omnia
641 4153 709 4218 baec
730 4153 873 4233 artificia,
890 4155 937 4218 vel
958 4155 1066 4241 potius
1083 4152 1249 4224 maleficia,
1265 4171 1304 4210 ex

354 4245 501 4339 pestifera
513 4256 650 4342 quadam
666 4256 881 4323 familiaritate
892 4257 1072 4322 daemonum
1086 4268 1118 4319 et
1129 4251 1304 4327 hominnm,
