3309 5309
348 679 418 724 oso.
434 659 520 739 xix.]
695 675 950 721 muronsrious.
1236 663 1296 724 105

346 832 393 895 Et
408 828 482 891 licet
501 825 705 912 quandoque,
727 847 801 911 quae
823 825 955 889 honesta
974 826 1026 889 vel
1047 837 1133 889 recta
1154 837 1240 904 sunt,
1260 840 1297 892 ut

345 928 417 994 sein
428 930 497 992 loco
510 927 629 991 mnodo
639 926 718 990 velle
729 929 857 1001 servari,
867 926 916 990 vel
926 927 1026 991 solum
1041 930 1156 1006 Deum,
1167 928 1298 1013 quando

346 1029 468 1115 aliquid
485 1028 641 1114 quaeritur
654 1029 811 1113 precibus,
831 1041 863 1093 et
886 1029 1071 1092 muneribus
1085 1029 1297 1093 invocandum

346 1130 523 1217 praecipiat,
542 1128 669 1212 maligni
685 1142 790 1193 tamen
808 1129 940 1214 spiritus
960 1130 1040 1194 hanc
1055 1153 1123 1195 esse
1142 1130 1298 1195 fallaciam

347 1230 556 1296 certissimum
579 1243 639 1308 est,
660 1229 717 1315 qui
741 1242 777 1294 ut
800 1231 905 1294 minus
927 1244 1090 1312 caveatur,
1111 1232 1299 1296 innocentiae

348 1332 399 1395 vel
406 1329 542 1417 justitiae
551 1341 710 1415 praecepta
721 1329 912 1415 plerumque
922 1330 1051 1395 videtur
1060 1331 1181 1398 afferre.
1206 1334 1300 1395 Hanc

348 1430 1036 1518 quidemidololatriaespeciemesse'tidelium
1050 1432 1301 1518 nullusignorat.

349 1535 463 1619 Longe
478 1556 552 1597 vero
564 1533 760 1596 commodius
775 1533 807 1596 in
820 1533 936 1597 coelum
949 1534 1124 1599 ascendunt
1135 1535 1299 1619 astrologi,

349 1637 405 1723 qui
420 1635 668 1700 academicorum
688 1658 786 1709 more,
810 1635 966 1722 quicquid
981 1636 1026 1700 eis
1040 1638 1211 1701 occurrerit
1228 1660 1302 1721 pro·

348 1737 466 1817 babile,
489 1760 546 1801 suo
564 1739 639 1823 jure
661 1736 848 1801 defendunt.
902 1739 1018 1822 Itaque
1039 1737 1170 1822 qnidam
1193 1760 1300 1802 eorum

349 1854 440 1903 motu
456 1839 595 1924 quodam
611 1837 796 1915 irrationali,
810 1837 954 1923 planetas
973 1839 1127 1903 adversus
1142 1841 1301 1925 Aplanem

351 1941 409 2005 niti
425 1941 643 2015 contendunt;
667 1941 731 2016 alii,
748 1955 878 2005 auctore
893 1942 1074 2019 Aristotele,
1085 1942 1211 2006 eosdem
1228 1963 1300 2005 cum

350 2045 549 2109 firmamento
570 2043 646 2107 ferri
668 2043 872 2129 profitentur,
895 2067 1031 2132 quorum
1054 2057 1203 2108 neutrum
1221 2055 1301 2107 teste

351 2146 472 2211 Mincio
495 2145 676 2229 astrologiae
698 2144 817 2228 regulis
846 2145 1007 2209 invenitur
1029 2145 1208 2209 adversum.
1253 2146 1302 2207 At

352 2246 541 2332 genethliaci
563 2247 640 2310 dum
660 2245 700 2310 ad
716 2247 942 2311 divinationem
966 2248 1105 2312 scientim
1124 2246 1302 2312 coelestinm

349 2349 444 2412 nimis
465 2349 629 2426 insistunt,
653 2362 716 2412 tam
740 2349 883 2434 ipsorum
906 2349 1095 2429 coelestium,
1119 2372 1213 2436 qnam
1238 2349 1301 2413 Dei

352 2451 496 2515 notitiam
523 2450 741 2535 perdiderunt.
786 2452 851 2528 Qui
881 2466 986 2515 tamen
1016 2452 1099 2515 inter
1125 2474 1178 2515 eos
1204 2473 1298 2514 snum

351 2551 547 2615 commodius
561 2574 711 2616 excusare
734 2551 883 2616 videntur
898 2574 1047 2628 errorem,
1063 2575 1136 2615 cum
1160 2552 1300 2628 Plotino,

351 2652 573 2717 auctoritatem
582 2675 713 2739 operum
728 2675 789 2715 non
799 2653 973 2717 detrahunt
983 2650 1127 2731 creatori,
1139 2651 1193 2715 sed
1206 2651 1302 2714 semel

352 2767 384 2819 et
408 2755 500 2821 simul
523 2757 565 2819 ab
590 2779 628 2817 eo
654 2755 755 2840 legem
782 2767 931 2819 asserunt
956 2755 1157 2827 institutam
1204 2775 1301 2838 quam
1338 2826 1346 2843 ἢ

353 2857 461 2920 nullus
473 2879 613 2942 unquam
626 2869 757 2919 conatus
768 2868 911 2935 evacuat,
923 2878 1023 2941 quum
1038 2854 1142 2918 omnia
1152 2876 1226 2937 qnae
1242 2854 1303 2918 dis-

351 2958 460 3044 posuit
475 2958 588 3021 futura
603 2958 665 3021 sint
680 2968 717 3020 ut
732 2956 891 3042 praevidit.
921 2957 1017 3034 Quod
1039 2957 1123 3020 forte
1149 2954 1303 3040 Papinius

351 3058 511 3126 intellexit
527 3080 626 3142 quum
643 3058 773 3134 diceret,

460 3173 556 3240 Incipit
566 3189 600 3223 ex
612 3171 675 3236 alto,
687 3190 765 3239 grave
778 3178 805 3224 et
816 3173 977 3225 immutabile
989 3173 1085 3224 sanctis

461 3258 567 3311 Pondus
579 3258 655 3311 adest
665 3259 760 3322 verbis,
772 3264 799 3311 et
810 3276 901 3311 vocem
912 3258 967 3312 fata
979 3263 1129 3326 sequuntur.

354 3366 464 3431 Abeo
486 3386 562 3447 ergo
578 3386 635 3427 sua
656 3374 796 3447 potestas
817 3362 975 3427 attributa
996 3374 1044 3425 est
1066 3360 1199 3446 singulis
1220 3385 1304 3426 crea-

354 3471 447 3543 turis,
463 3467 495 3529 in
518 3464 636 3550 quibus
660 3486 722 3527 non
743 3464 887 3549 oportuit
907 3463 1045 3528 coelestia
1067 3467 1171 3527 locum
1195 3477 1303 3529 tenere

353 3569 571 3643 novissimum,
587 3579 619 3630 et
635 3588 708 3651 quae
728 3565 874 3650 digniora
889 3579 963 3630 sunt
984 3565 1063 3641 aliis,
1080 3565 1195 3628 babere
1211 3566 1303 3630 mini·

354 3694 442 3737 mum
457 3669 629 3756 potestatis.
676 3667 733 3731 Eis
747 3670 856 3754 itaque
867 3681 1023 3752 quantum
1040 3667 1140 3731 voluit
1156 3668 1303 3750 contulit,

356 3772 413 3859 qui
428 3775 487 3836 etsi
501 3769 560 3833 sibi
581 3767 745 3833 retinuerit
763 3769 868 3853 operis
890 3768 1116 3854 principatum,
1139 3769 1301 3854 signorum

353 3873 419 3938 illis
447 3871 487 3935 ad
511 3871 614 3933 minus
635 3867 751 3933 indixit
772 3869 974 3953 obsequium.
1031 3869 1128 3934 Unde
1156 3872 1217 3936 etsi
1240 3893 1302 3934 non

356 3997 440 4060 saepe
453 3973 570 4037 faciant
592 3992 689 4056 opera
706 3970 877 4054 signorum,
893 3983 996 4035 tamen
1012 3985 1142 4036 auctore
1158 3976 1230 4036 Deo
1249 3995 1304 4034 ex-

355 4077 467 4139 hibent
489 4071 671 4136 ministeria.
716 4074 802 4136 Hinc
824 4073 907 4135 sorte
936 4072 1028 4149 illud,
1052 4071 1133 4135 Coeli
1156 4084 1303 4134 enarrant

356 4176 490 4261 gloriam
506 4173 581 4249 Dei,
597 4186 629 4237 et
643 4195 739 4258 opera
760 4195 913 4236 manuum
928 4175 997 4259 ejus
1012 4170 1183 4235 annunciat
1198 4171 1303 4232 firma·

358 4292 511 4343 mentum.
557 4277 624 4339 Nec
639 4276 765 4354 mirum,
781 4298 882 4359 quum
899 4287 930 4339 et
946 4298 1028 4350 aves,
1045 4287 1077 4336 et
1091 4271 1151 4336 alia
1166 4270 1303 4354 plurima
