3309 5309
344 653 386 733 96
605 662 740 707 Joauurs
757 660 1039 704 senusnarususrs
1164 642 1250 722 [arn.
1266 660 1302 704 11.

456 811 500 863 Sic
513 809 610 874 oculos,
622 811 658 862 sic
670 810 714 863 ille
726 827 826 874 manus,
838 811 875 862 sic
887 827 932 862 ora
944 808 1054 871 ferebat,

455 897 490 948 Et
501 913 567 948 nunc
580 895 673 966 oequali
684 902 771 948 tecum
783 895 937 965 pubesceret
946 912 1011 948 aevo.

352 1024 470 1087 Verum
487 1021 512 1085 si
527 1021 567 1084 nd
585 1020 770 1106 incorporea
780 1019 1006 1084 divertendum
1017 1030 1076 1094 est,
1088 1022 1213 1084 ratione
1225 1044 1307 1107 opus
1354 1082 1359 1093 ,

351 1136 398 1188 est
413 1137 445 1187 et
460 1121 636 1199 intellectu,
652 1144 754 1209 quum
779 1123 900 1207 absque
922 1120 1132 1204 intelligentia
1151 1123 1222 1188 brec
1244 1146 1307 1188 non

351 1224 476 1289 valeant
496 1223 732 1312 comprehendi,
748 1236 781 1289 et
796 1246 905 1288 verum
928 1246 990 1288 nou
1006 1225 1106 1311 possit
1120 1247 1188 1289 esse
1202 1224 1243 1290 de
1259 1226 1307 1291 his

351 1327 417 1392 sine
439 1328 561 1392 ratione
578 1327 749 1413 judicium.
796 1326 982 1393 Intellectus
1003 1326 1113 1414 itaque
1135 1326 1206 1392 aliis
1229 1327 1305 1393 deti-

351 1429 519 1507 cientibus,
541 1429 642 1495 exerit
665 1429 748 1494 vires
770 1451 853 1510 suas,
876 1443 908 1494 et
931 1432 1023 1515 quasi
1044 1428 1077 1492 iu
1099 1450 1170 1493 erce
1192 1429 1304 1496 animae

351 1533 543 1598 constitutus
556 1532 664 1598 omnia
676 1531 826 1596 inferiora
841 1530 1076 1617 complectitur,
1088 1551 1190 1615 quum
1205 1531 1248 1596 ab
1262 1535 1307 1596 in-

351 1631 515 1699 ferioribus
531 1635 695 1719 superiora
710 1644 870 1720 nequeant
885 1630 1121 1718 comprehendi.
1160 1631 1207 1698 Et
1218 1655 1301 1697 nunc

351 1734 480 1822 quidem
501 1757 552 1799 res
573 1747 609 1799 ut
632 1747 718 1812 sunt,
733 1757 818 1798 nunc
844 1733 936 1798 aliter
955 1733 1110 1808 intuetur,
1126 1755 1212 1800 nuuc
1233 1739 1305 1800 sim·

350 1836 485 1924 pliciter,
511 1860 595 1901 nunc
624 1838 808 1922 composite,
835 1859 919 1901 nunc
948 1835 1099 1900 distincta
1128 1835 1306 1922 conjungit,

350 1960 434 2003 nuuc
460 1939 631 2024 conjuncta
655 1936 816 2012 distrahit,
840 1950 871 2002 et
898 1936 1064 2024 disjungit.
1109 1936 1303 2024 Simpliciter

350 2061 428 2124 ergo
441 2038 559 2104 incedit
573 2037 766 2119 intellectus,
780 2038 859 2103 dum
880 2061 945 2103 rem
969 2037 1146 2124 quamlibet
1163 2049 1300 2102 contem·

349 2140 470 2226 platur,
484 2151 563 2226 puta
585 2139 756 2216 hominem,
777 2162 938 2228 equumve
959 2139 1149 2226 concipiens.
1195 2141 1299 2218 Quum

350 2265 426 2308 vero
448 2264 497 2306 res
518 2241 625 2327 plures
646 2241 803 2326 gradatim
827 2241 1059 2328 complectitur,
1079 2240 1298 2328 compositioni

350 2340 507 2407 obnoxius
521 2354 578 2406 est.
618 2343 704 2406 Puta
719 2342 778 2406 hoc
793 2341 1000 2422 intellectum,
1015 2342 1173 2406 hominem
1191 2341 1299 2406 album

350 2466 508 2530 equumve
523 2464 649 2507 currere
667 2455 771 2508 mente
786 2444 1008 2530 complectens.
1045 2445 1216 2530 Disjuncta
1232 2467 1303 2508 con-

349 2544 469 2632 jungit,
486 2556 522 2611 ut
536 2545 561 2609 si

457 2679 583 2733 Humano
595 2681 674 2753 cupiti
685 2682 812 2734 cervicem
821 2682 917 2752 jungat
929 2683 1051 2750 equinam

552 2802 558 2816 .
573 2804 579 2816 .
594 2805 600 2817 .
613 2767 696 2819 varias
708 2766 832 2820 inducens
843 2767 956 2835 nudique
970 2765 1079 2838 plumas,

353 2906 399 2972 ut,
409 2893 507 2980 juxta
521 2908 659 2979 poetam,

768 3025 887 3096 Turpiter
899 3030 983 3079 atrum

491 3114 601 3167 Desinat
612 3113 639 3164 iu
650 3112 748 3184 piscem
758 3112 852 3164 mulier
863 3110 973 3165 fumosa
985 3129 1103 3184 superne.

351 3245 448 3310 Hunc
464 3266 538 3307 vero
553 3241 593 3306 nd
614 3241 776 3307 auditores
797 3264 871 3306 suos
886 3242 984 3306 verbo
1001 3241 1164 3329 trajiciunt
1181 3243 1300 3322 Poetoe,

349 3366 451 3429 quum
466 3342 694 3418 hircocervum,
709 3355 897 3407 centaurum
915 3341 1112 3421 describunt,
1128 3355 1159 3408 et
1176 3344 1301 3409 chimae·

350 3466 427 3507 ram.
474 3441 653 3527 Conjuncta
669 3466 743 3507 vero
765 3444 934 3529 disjungit,
953 3457 989 3509 ut
1005 3447 1031 3509 si
1046 3445 1179 3509 formam
1197 3458 1300 3511 teneat

350 3544 471 3630 absque
493 3543 634 3619 materia,
651 3568 752 3630 quum
775 3559 880 3611 tamen
904 3547 970 3610 sine
991 3570 1028 3611 ea
1049 3547 1153 3611 forma
1175 3548 1303 3612 omniuo

350 3667 499 3709 essenon
520 3645 629 3732 possit,
645 3646 704 3710 nisi
725 3646 830 3712 forma
852 3648 988 3725 essendi,
1004 3662 1036 3713 et
1054 3649 1082 3712 ei
1102 3649 1300 3713 adhaerentes

349 3747 460 3811 formae
481 3747 666 3827 formarum,
688 3772 729 3814 ex
752 3749 871 3835 quibus
893 3750 957 3814 illae
978 3750 1151 3830 fluxerunt,
1171 3774 1247 3838 quae
1268 3750 1300 3814 in

349 3849 481 3913 materia
505 3862 578 3914 sunt
600 3861 631 3914 et
654 3873 770 3937 corpus
799 3853 951 3919 efficiunt.
997 3855 1098 3917 Porro
1121 3875 1225 3937 quum
1251 3876 1300 3918 res

348 3950 440 4015 aliter
455 3972 551 4037 quam
568 3953 640 4026 sint,
652 3954 870 4038 componendo
884 3955 1023 4041 inspicit,
1039 3978 1077 4018 eo
1091 3953 1179 4041 quod
1195 3978 1301 4021 cassus

350 4063 406 4132 est,
421 4063 453 4115 et
468 4073 487 4112 a
501 4071 606 4113 rerum
619 4049 752 4114 veritate
763 4050 921 4129 deficiens,
933 4054 974 4118 ad
989 4054 1149 4141 opinionis
1163 4077 1300 4121 errorem

350 4151 463 4238 vergit,
478 4162 511 4214 et
526 4149 551 4214 si
567 4172 633 4214 esse
655 4150 776 4227 asserit,
793 4151 872 4215 velle
894 4176 956 4218 non
972 4178 1049 4236 esse,
1064 4155 1158 4240 pleno
1174 4157 1299 4222 nomine

349 4252 455 4339 opinio
477 4263 534 4316 est.
581 4249 642 4314 Sed
666 4249 737 4315 licet
760 4251 852 4317 aliter
873 4278 970 4339 quam
996 4257 1071 4333 sint,
1094 4257 1171 4322 dum
1196 4269 1300 4323 tamen
