3309 5309
358 686 428 730 car.
443 668 528 748 xm]
706 683 960 729 mxxcmrrcos.
1246 669 1309 728 ela

355 835 430 900 tiam
450 835 606 898 minueret
628 855 793 918 processus
812 833 927 913 aetatis,
941 832 1138 919 respondisse
1160 833 1304 897 dicatur:

356 935 550 1022 Hujnsmodi
567 935 748 998 hominibus
767 934 922 998 debemus
945 934 1055 1010 n'sum,
1071 935 1161 998 nobis
1184 957 1305 997 correc-

352 1038 482 1112 tionem,
505 1035 559 1099 sed
581 1058 708 1120 poenam
735 1036 919 1099 criminosis.
964 1037 1046 1100 Nam
1072 1034 1113 1098 de
1138 1035 1218 1099 Tito
1240 1034 1306 1098 lilio

353 1139 423 1224 ejus
446 1138 525 1223 quid
541 1137 669 1201 dicam?
699 1138 756 1222 qui
774 1138 874 1223 patris
888 1136 1052 1201 avaritiam
1078 1149 1168 1201 tanta
1191 1136 1305 1201 libera·

352 1238 443 1303 litate
458 1238 620 1324 purgavit,
637 1253 673 1300 ut
689 1260 778 1300 amor
792 1251 823 1301 et
840 1237 961 1301 deliciae
977 1236 1108 1301 humani
1125 1235 1249 1321 generis
1263 1236 1304 1300 ab

352 1339 501 1404 omnibus
514 1338 684 1415 diceretur,
700 1338 952 1402 constantissime
972 1351 1081 1402 tenens
1095 1339 1127 1401 in
1149 1337 1303 1413 moribus,

352 1462 503 1526 nequem
517 1438 699 1524 postulandi
720 1438 823 1523 gratia
838 1437 878 1501 ad
902 1462 933 1501 se
956 1437 1167 1512 accedentem,
1183 1438 1249 1500 sine
1271 1460 1305 1500 re

353 1546 406 1606 vel
421 1563 487 1626 spe,
503 1562 696 1625 quocunqne
710 1540 805 1601 modo
821 1538 1006 1603 dimitteret.
1051 1539 1148 1603 Unde
1170 1538 1304 1603 interro·

351 1641 504 1726 gantibus
529 1640 720 1716 domesticis,
750 1663 807 1703 cur
839 1640 933 1725 plura
963 1639 1175 1724 polliceretur,
1205 1663 1302 1725 quam

352 1755 505 1828 praestare
526 1755 642 1828 posset,
662 1741 843 1827 respondit:
875 1764 937 1804 non
960 1754 1087 1826 oportet
1111 1763 1304 1827 quemquam

351 1865 371 1905 a
385 1864 529 1906 sermone
543 1842 696 1926 principis
712 1845 833 1905 tristem
849 1841 1021 1906 discedere.
1067 1841 1159 1904 Idem
1176 1863 1304 1926 quoqne

350 1942 538 2006 recordatus
552 1964 648 2026 super
663 1963 797 2018 coenam,
809 1942 897 2028 quod
914 1942 992 2005 nihil
1004 1956 1071 2006 tota
1086 1942 1137 2005 die
1152 1942 1303 2026 cuiquam

353 2041 563 2125 praestitisset,
577 2040 687 2104 dolens
708 2057 739 2105 et
755 2065 884 2126 gemens
906 2043 1008 2108 dixit:
1040 2044 1068 2106 Ο
1091 2042 1195 2119 amici,
1219 2041 1304 2105 hunc

353 2142 437 2206 diem
461 2142 595 2228 perdidi.
640 2146 742 2218 Quem
758 2147 790 2208 in
807 2144 873 2207 vita
888 2143 1067 2219 offenderit,
1083 2167 1103 2207 a
1119 2142 1304 2228 Hierosoly·

351 2265 475 2306 morum
491 2265 635 2307 reversus
648 2245 784 2321 excidio,
799 2244 940 2308 nondum
958 2244 1038 2330 legi:
1067 2259 1098 2309 et
1114 2245 1196 2309 forte
1211 2244 1302 2307 illum

351 2343 506 2407 vindicem
530 2344 728 2422 innocentiae,
752 2359 784 2411 et
806 2345 949 2410 crucifixi
972 2346 1189 2433 redemptoris,
1205 2346 1301 2431 elegit

353 2445 522 2524 Dominus,
536 2449 593 2530 qui
615 2447 768 2533 populum
792 2460 986 2510 excaecatum
1009 2447 1157 2511 incolumi
1180 2450 1301 2511 consci-

350 2543 436 2606 entia
450 2565 511 2606 non
527 2544 622 2607 modo
633 2545 824 2619 innocenter,
839 2545 893 2608 sed
911 2558 943 2608 et
956 2543 1099 2628 religiose
1110 2544 1302 2629 deprimeret

351 2657 384 2707 et
406 2643 535 2710 deleret.
580 2650 704 2710 Nactus
725 2647 842 2709 etenim
871 2645 992 2723 horam,
1014 2666 1079 2727 qua
1104 2642 1303 2706 moriendum

352 2742 1303 2829 erat,quumlecticaveheretur,suspexissedieitureoelum,

351 2845 555 2930 multumque
568 2859 762 2930 conquestus
774 2859 833 2925 est,
843 2845 924 2929 eripi
936 2844 995 2908 sibi
1008 2845 1107 2909 vitam
1119 2842 1302 2908 immerenti.

351 2950 465 3031 Neque
489 2948 571 3010 enim
599 2960 708 3010 extare
734 2946 834 3010 ullum
860 2947 980 3010 factum
1004 2968 1107 3023 suum,
1131 2946 1219 3028 quod
1242 2945 1302 3008 sibi

348 3046 570 3132 poenitendum
586 3061 666 3111 esset
689 3061 824 3133 excepto
845 3070 909 3110 nno
932 3046 1099 3110 duntaxat.
1144 3045 1184 3110 Id
1207 3045 1302 3130 quale

348 3147 458 3220 fuerit,
475 3167 532 3208 nec
547 3148 615 3231 ipse
631 3161 707 3211 tunc
729 3147 884 3232 prodidit,
900 3169 1002 3232 neque
1017 3148 1166 3232 cuiquam
1189 3159 1300 3210 notum

346 3248 422 3313 fuit.
469 3244 555 3324 Quid
580 3248 621 3311 de
647 3248 799 3334 patientia
825 3248 921 3332 hujus
945 3249 1069 3333 loquar,
1094 3249 1187 3334 cujus
1213 3261 1302 3312 tanta

346 3351 528 3435 benignitas
554 3364 632 3428 erat,
659 3364 695 3414 ut
726 3372 784 3413 sua
812 3350 941 3436 injuria,
967 3349 1044 3415 dum
1070 3374 1090 3413 a
1118 3349 1301 3417 concivibus

346 3451 531 3528 abstineret,
563 3452 616 3514 vix
646 3451 788 3515 crederet
824 3474 1018 3536 quemquam
1050 3474 1141 3537 posse
1171 3452 1300 3516 moveri.

349 3554 467 3617 Tantae
483 3553 640 3637 siquidem
656 3551 818 3617 civilitatis
842 3565 874 3617 et
898 3552 1106 3618 humanitatis
1120 3553 1151 3617 in
1167 3554 1300 3639 imperio

348 3654 422 3734 fuit,
438 3675 474 3718 ut
489 3656 636 3718 omnibus
659 3654 820 3740 prodesse,
836 3653 1026 3740 nullumque
1049 3654 1161 3739 punire
1185 3655 1299 3719 studu-

349 3755 429 3834 erit3
453 3755 614 3820 convictos
629 3755 857 3840 conjurationis
872 3767 982 3817 contra
994 3778 1026 3818 se
1037 3754 1158 3820 dimisit
1173 3756 1299 3835 illaesos,

349 3857 426 3921 etin
443 3856 606 3941 pristinam
623 3855 871 3921 familiaritatem
882 3856 1020 3923 admisit.
1062 3860 1123 3922 Sed
1139 3873 1171 3924 et
1187 3861 1299 3924 Domi-

351 3957 466 4032 tianus,
481 3958 538 4043 qui
562 3958 780 4042 gravissimam
802 3959 1048 4025 Theomachiam
1063 3963 1205 4025 exercuit
1229 3973 1302 4044 post

352 4057 521 4135 Neronem,
538 4059 635 4144 hujus
654 4060 781 4125 virtutis
804 4061 926 4147 aliquid
951 4063 1143 4147 plerumque
1166 4060 1300 4125 indulsit

350 4161 484 4238 civibus,
499 4160 572 4224 licet
588 4162 621 4224 in
637 4184 690 4225 eos
704 4163 803 4248 gratis
821 4161 1015 4249 quandoque
1029 4163 1190 4236 insaniret,
1206 4160 1300 4221 homo

352 4261 478 4346 quidem
498 4285 727 4350 usquequaque
743 4265 877 4341 inutilis,
888 4276 920 4326 et
935 4264 993 4345 qui
1007 4263 1086 4326 nihil
1101 4258 1188 4324 aliud
1204 4257 1301 4322 habc-
