3309 5309
254 651 324 697 car.
338 633 442 714 xxm]
594 650 848 696 ronrcmrrcus.
1145 643 1204 703 lea

252 824 391 883 sensum,
412 814 450 867 ut
472 799 600 878 dixerit,
621 801 647 864 si
669 823 731 864 uon
753 813 857 866 essent
878 801 1106 888 praedestinati,
1130 806 1200 872 dix-

250 901 345 966 issem
366 901 467 978 vobis,
487 903 541 966 ibo
561 914 594 966 et
616 902 861 988 praedestinabo,
882 904 1032 969 credibile
1053 920 1101 970 est
1123 906 1202 971 dum

250 1026 356 1068 rerum
372 1003 492 1090 pendet
505 1015 647 1080 eventus,
663 1005 691 1069 si
704 1005 914 1092 omnipotenti
929 1006 1063 1092 placeat,
1077 1031 1131 1072 eos
1145 1009 1202 1093 qui

250 1106 396 1172 nondum
425 1107 642 1193 praedestinati
670 1121 756 1182 sunt,
787 1131 878 1194 posse
913 1108 1131 1192 praedestinari
1160 1109 1203 1174 ad

251 1205 364 1283 vitam,
379 1220 410 1271 et
426 1206 483 1292 qui
500 1207 569 1289 jam
589 1206 700 1292 scripti
719 1219 795 1271 suut
814 1207 849 1270 in
870 1206 954 1271 libro
968 1208 1055 1286 vitae,
1075 1209 1205 1295 exigen-

252 1307 343 1372 tibus
356 1306 476 1373 meritis
489 1309 531 1372 ab
546 1307 656 1372 eodem
672 1330 765 1393 posse
779 1308 890 1372 deleri.
935 1307 1022 1374 Hinc
1036 1323 1084 1375 est
1099 1311 1200 1376 forte:

253 1408 432 1475 Deleantur
460 1409 501 1473 de
530 1409 612 1473 libro
637 1410 823 1489 viventium,
852 1422 885 1474 et
914 1434 987 1476 cum
1013 1412 1112 1497 justis
1139 1436 1203 1478 non

253 1511 441 1576 scribantur.
489 1512 654 1595 Itemque:
682 1514 749 1576 Aut
763 1511 891 1576 dimitte
905 1515 951 1577 eis
972 1513 1053 1577 lianc
1075 1537 1202 1590 noxam,

253 1626 311 1679 aut
326 1614 351 1677 si
366 1634 429 1677 non
444 1611 532 1688 facis,
541 1611 613 1676 dele
627 1636 678 1677 me
693 1613 733 1676 de
749 1612 831 1677 libro
847 1628 915 1691 tuo,
930 1637 1023 1700 quem
1040 1615 1201 1701 scripsisti.

254 1715 318 1794 Qui
333 1728 427 1779 natus
441 1713 615 1798 est,inquit
625 1713 845 1796 Evangelista,
856 1737 896 1778 ex
912 1717 992 1790 Deo,
1004 1737 1066 1778 non
1082 1729 1202 1800 peccat,

254 1817 406 1903 qnoniam
429 1815 592 1901 generatio
613 1814 748 1880 coelestis
771 1828 874 1880 servat
900 1839 985 1882 eum.
1030 1817 1202 1883 Gener-atio

252 1920 368 2004 utique
381 1917 516 1982 coelestis
530 1930 578 1982 est
594 1930 711 1982 aeterua
725 1916 974 2003 praedestinatio,
988 1919 1081 2005 cujus
1095 1942 1204 1985 omnes

254 2020 311 2085 filii
333 2019 557 2105 ingrediuntur
577 2018 618 2083 ad
635 2019 744 2094 vitam,
761 2019 820 2083 etsi
843 2019 991 2104 possibile
1013 2020 1055 2085 sit
1075 2020 1202 2086 eosdem

254 2121 522 2209 praevaricationis
543 2119 656 2185 merito
677 2120 853 2207 ajustitia,
875 2144 950 2208 quae
973 2123 1025 2187 ria
1047 2124 1122 2190 vitae
1144 2136 1203 2204 est,

253 2225 411 2289 aberrare.
457 2222 491 2287 Si
513 2222 590 2287 mihi
611 2245 674 2287 non
697 2223 812 2300 credis,
827 2224 903 2288 audi
919 2223 969 2287 vel
992 2223 1094 2304 illum,
1109 2225 1162 2290 cui
1176 2225 1202 2290 si

254 2325 386 2411 angelus
401 2324 442 2388 de
456 2324 537 2388 coelo
550 2324 787 2405 contradixerit,
802 2326 989 2411 dignissimo
1002 2326 1203 2394 anathemate

255 2425 527 2491 condemnabitur
570 2428 675 2501 Pater,
703 2426 821 2512 inquit,
846 2450 886 2491 ex
913 2427 957 2491 eis
980 2450 1061 2513 quos
1084 2427 1203 2494 dedisti

255 2529 336 2593 mihi
350 2548 412 2591 non
426 2526 551 2614 perdidi
573 2549 779 2612 quemquam,
794 2526 849 2591 sed
872 2549 963 2591 serva
981 2550 1043 2591 eos.
1088 2530 1203 2592 Nonne

255 2634 364 2716 quaeso
380 2630 448 2715 jam
470 2628 542 2693 illos
556 2628 751 2714 perdiderat,
766 2628 823 2712 qui
844 2639 1017 2692 retrorsum
1032 2627 1202 2693 abierant?

255 2737 370 2799 Nonne
391 2734 485 2796 etiam
508 2730 745 2817 quodammodo
761 2730 829 2814 jam
852 2730 876 2792 J
879 2729 973 2792 udam
996 2729 1202 2814 perdiderat?

256 2835 320 2900 Sed
343 2846 428 2899 certe
453 2854 514 2895 uon
540 2843 756 2917 acceptaverat
785 2851 858 2895 eum
884 2829 917 2892 in
940 2852 1055 2893 arcanc
1079 2831 1203 2896 consilii

252 2936 351 3016 filius,
378 2957 435 2998 nec
464 2946 555 3019 pater
584 2932 771 2997 servandum
802 2933 885 2996 inter
914 2930 1109 3017 conscriptos
1137 2933 1203 2998 lilio

252 3038 388 3102 dederat
398 3035 500 3112 illum,
510 3033 568 3120 qui
583 3056 644 3098 non
660 3034 765 3097 fuerat
780 3032 1027 3120 praedestinatus
1041 3033 1081 3097 ad
1095 3034 1202 3100 vitam.

254 3142 291 3207 Si
307 3160 380 3204 vero
402 3138 455 3203 alii
476 3136 682 3224 praeordinati
704 3149 805 3208 eraut,
824 3135 851 3198 si
873 3134 937 3198 labi
960 3157 1021 3198 non
1044 3148 1203 3221 poterant,

251 3265 355 3331 quare
363 3253 423 3328 pro‘
431 3243 476 3304 eis
485 3252 574 3304 tanta
583 3237 751 3302 sedulitate
759 3237 846 3301 filius
855 3235 1041 3302 intercedit?
1055 3237 1203 3303 Solvendi

253 3369 332 3433 ergo
347 3355 452 3408 erant:
477 3354 508 3406 et
524 3355 628 3406 tamen
644 3340 722 3404 dum
735 3338 1048 3425 peregrinabantura
1063 3339 1203 3404 Domino

253 3459 387 3512 mortem
403 3455 551 3531 poterant
562 3441 744 3528 promereri,
756 3440 796 3504 ad
810 3441 907 3504 vitam
918 3439 1005 3505 nulla
1016 3441 1202 3507 necessitate

253 3547 538 3638 praedestinationis
559 3546 682 3611 arctati.
738 3545 904 3610 Gloriatur
922 3544 996 3630 quis
1017 3545 1105 3630 quod
1127 3569 1200 3612 eum

252 3652 333 3718 nihil
356 3649 513 3737 separabit
536 3671 556 3712 a
577 3647 708 3712 caritate
730 3645 863 3725 Christi,
886 3658 917 3711 et
943 3659 1047 3710 tamen
1067 3648 1202 3734 castigat

253 3771 368 3836 corpus
389 3771 492 3828 suum,
512 3762 545 3811 et
560 3749 592 3810 iu
616 3748 800 3809 servitutem
823 3743 950 3829 redigit,
972 3766 1012 3807 ua
1033 3744 1115 3809 forte
1130 3769 1202 3811 cum

253 3852 324 3917 aliis
338 3849 571 3936 praedicaverit,
585 3849 653 3932 ipse
669 3845 823 3932 reprobus
839 3847 1027 3909 inveniatur,
1074 3847 1112 3909 Iu
1128 3870 1204 3931 apo-

253 3953 373 4039 calypsi
394 3974 524 4038 quoque
554 3960 723 4013 monentur
752 3947 854 4032 angeli
886 3947 1087 4013 ecclesiarum
1117 3969 1202 4011 nunc

252 4079 346 4141 agere
361 4053 579 4140 poenitentiam
599 4064 631 4116 et
651 4050 754 4137 prima
776 4073 872 4135 opera
889 4050 1003 4123 facere,
1031 4072 1070 4111 ne
1095 4071 1202 4111 move-

253 4173 327 4223 atur
348 4156 571 4222 candelabrum
595 4176 715 4229 eorum,
737 4175 821 4216 nunc
843 4168 949 4217 tenere
970 4151 1074 4213 locum
1098 4170 1202 4224 suum,

253 4283 293 4324 ne
315 4260 449 4325 eundem
465 4252 565 4323 ‘alteri
592 4255 717 4322 cedant.
764 4255 832 4316 Cur
858 4257 913 4330 ita,
938 4253 963 4315 si
990 4272 1063 4333 quae
1093 4245 1204 4314 futura
