3309 5309
347 656 408 713 224
604 665 741 710 Joanms
757 663 1035 708 sanasnnaransm
1152 647 1234 726 [cra.
1251 669 1294 712 ιν.

349 816 459 890 Quum
472 827 577 878 autern
589 814 714 879 eosdem
726 814 765 877 ad
778 815 942 879 caritatem
956 830 987 877 et
997 814 1196 879 concordiam
1210 838 1298 880 revo-

346 930 457 994 casset,
488 916 569 980 dixit
600 914 659 977 sibi
689 928 841 1000 tanquam
872 914 1003 994 homini,
1032 927 1063 979 et
1092 918 1151 1001 qui
1174 917 1298 1002 judicio

347 1018 525 1103 subjaceret
545 1014 755 1094 sacerdotum,
768 1015 915 1079 illicitum
938 1037 1004 1078 esse
1020 1017 1165 1079 Deorum
1185 1017 1301 1080 exami-

347 1139 421 1180 nare
436 1139 557 1188 causas,
574 1116 631 1201 qui
647 1137 708 1177 non
726 1127 856 1200 possunt
870 1113 930 1177 nisi
946 1137 964 1176 a
980 1113 1046 1176 solo
1061 1117 1133 1177 Deo
1150 1115 1299 1199 judicari.

349 1216 553 1300 Libellosquc
577 1236 657 1300 quos
678 1226 843 1300 acceperat
867 1236 928 1276 non
948 1213 1117 1299 inspectos,
1141 1215 1231 1280 dedit
1254 1217 1297 1280 in-

346 1316 467 1395 cendio,
482 1330 610 1401 patrum
628 1316 748 1379 veritus
762 1315 894 1378 crimina
910 1313 957 1376 vel
972 1315 1110 1379 convitia
1125 1317 1299 1400 publicare,

348 1428 380 1481 et
407 1417 508 1482 Cham
539 1418 666 1502 reprobi
689 1416 746 1479 tilii
772 1414 1022 1479 maledictionem
1051 1415 1223 1494 incurrere,
1245 1418 1300 1503 qui

348 1520 447 1606 patris
462 1519 599 1583 verenda
612 1542 673 1582 non
691 1518 781 1583 texit.
826 1517 923 1581 Unde
939 1530 971 1582 et
987 1517 1019 1580 in
1036 1519 1162 1604 scriptis
1179 1519 1302 1584 Nicolai

348 1619 484 1683 Romani
511 1619 676 1684 Pontificis
702 1620 786 1682 idem
813 1617 931 1681 dixisse
957 1631 1124 1681 narratur:
1164 1621 1246 1683 Vere
1275 1623 1300 1684 si

347 1722 486 1808 propriis
500 1721 600 1784 oculis
615 1720 762 1784 vidissem
786 1719 979 1782 sacerdotem
998 1718 1072 1796 Dei,
1087 1732 1143 1782 aut
1164 1720 1301 1806 aliquem

347 1847 456 1887 eorum
474 1824 531 1908 qui
552 1821 734 1885 monachico
750 1819 862 1884 habitu
882 1817 1109 1883 circumamicti
1132 1834 1218 1902 sunt,
1234 1845 1303 1907 pec-

348 1937 484 1998 cantem,
500 1922 698 2006 chlamydem
715 1943 815 1984 meam
836 1919 1038 2007 explicarem,
1054 1934 1085 1983 et
1109 1921 1300 2006 cooperirem

349 2048 434 2104 eum,
459 2046 498 2085 ne
527 2024 568 2087 ab
597 2023 704 2109 aliquo
735 2022 908 2084 videretur.
953 2021 1017 2086 Sed
1043 2033 1075 2085 et
1102 2021 1301 2085 Theodosius

349 2147 483 2207 magnus
510 2125 699 2208 Imperator,
722 2122 763 2185 ob
790 2121 933 2184 meritam
961 2141 1087 2201 noxam,
1109 2144 1172 2184 non
1199 2136 1300 2186 tamen

348 2237 481 2288 eotenus
496 2245 637 2306 gravem,
652 2246 670 2285 a
687 2223 850 2287 sacerdote
867 2220 1098 2286 Mediolanensi
1113 2245 1133 2285 a
1148 2224 1300 2309 regalium

350 2346 410 2386 usu
431 2335 462 2385 et
486 2321 662 2403 insignibus
684 2323 806 2407 imperii
832 2346 1003 2408 suspensus
1024 2337 1083 2399 est,
1100 2337 1132 2388 et
1154 2323 1302 2388 indictam

349 2424 407 2487 sibi
424 2422 641 2506 poenitentiam
654 2422 814 2486 homicidii
827 2424 984 2510 patienter
998 2437 1030 2487 et
1043 2424 1213 2488 solenniter
1228 2425 1302 2510 egit.

350 2524 499 2586 Profecto
516 2534 551 2585 ut
574 2521 712 2585 doctoris
733 2525 878 2606 gentium
902 2523 1081 2587 testimonio
1104 2538 1188 2602 utar,
1205 2525 1303 2608 major

348 2635 396 2687 est
421 2622 478 2709 qui
503 2620 674 2698 benedicit,
698 2643 794 2702 quam
826 2622 883 2706 qui
910 2622 1120 2699 benedicitur,
1146 2636 1178 2688 et
1208 2646 1303 2709 penes

348 2746 443 2809 quem
471 2735 517 2787 est
540 2721 738 2786 eonferenda
760 2718 926 2806 dignitatis
948 2724 1131 2800 auctoritas,
1155 2748 1227 2788 eum
1250 2727 1301 2790 cui

348 2824 488 2908 dignitas
509 2823 578 2907 ipsa
600 2821 774 2897 confertur,
791 2822 919 2885 honoris
941 2823 1110 2909 privilegio
1132 2827 1301 2889 antecedit.

348 2926 448 2987 Porro
463 2921 502 2984 de
518 2922 637 2984 ratione
655 2921 749 3004 juris,
766 2922 835 3006 ejus
850 2935 897 2984 est
920 2922 1013 2997 nolle,
1030 2924 1123 3008 cujus
1146 2936 1194 2988 est
1210 2925 1300 3002 velle,

348 3037 379 3087 et
392 3026 418 3109 ej
424 3046 461 3087 us
476 3036 523 3087 est
535 3022 670 3097 auferre,
683 3019 738 3104 qui
754 3022 794 3085 de
806 3023 880 3106 jure
893 3022 1037 3100 conferre
1047 3035 1163 3108 potest.
1188 3029 1300 3089 Nonne

350 3125 477 3189 Samuel
492 3124 523 3187 in
542 3124 666 3186 Saulem
684 3145 723 3184 ex
739 3144 835 3185 causa
849 3123 1075 3188 inobedientiae
1096 3123 1301 3212 depositionis

348 3227 533 3290 sententiam
550 3223 636 3297 tulit,
652 3235 683 3287 et
700 3223 728 3286 ei
744 3223 775 3286 in
791 3226 880 3307 regni
896 3224 1015 3310 apicem
1032 3226 1186 3291 humilem
1201 3227 1299 3290 filium

348 3325 412 3390 lsai
428 3324 636 3407 subrogavit?
664 3321 699 3387 Si
715 3344 789 3384 vero
804 3325 997 3388 constitutus
1014 3325 1162 3411 princeps
1177 3348 1300 3412 suseep-

349 3438 418 3488 tum
445 3424 653 3486 ministerium
681 3422 818 3487 fideliter
844 3423 989 3508 gesserit,
1014 3441 1124 3491 tantus
1148 3427 1177 3491 ei
1203 3427 1300 3490 honor

347 3522 546 3587 exhibendus
569 3537 627 3603 est,
649 3536 681 3587 et
704 3524 879 3587 reverentia
902 3537 1002 3605 tanta,
1025 3539 1181 3612 quantum
1204 3538 1299 3612 caput

345 3623 494 3687 omnibus
518 3624 667 3687 membris
693 3624 834 3709 corporis
860 3626 1029 3691 antecellit.
1076 3627 1169 3692 Gerit
1195 3640 1299 3692 autem

346 3724 554 3787 ministerium
578 3725 725 3803 fideliter,
745 3747 847 3810 quum
871 3750 937 3791 suae
959 3728 1149 3793 conditionis
1172 3751 1300 3808 memor,

347 3824 563 3888 universitatis
586 3825 802 3908 subjectorum
826 3850 859 3890 se
881 3850 1047 3912 personam
1070 3852 1180 3913 gerere
1201 3851 1301 3895 recor-

347 3925 454 4001 datur,
480 3937 512 3987 et
539 3947 655 3988 senon
681 3926 739 3989 sibi
765 3950 853 3990 suam
880 3933 991 4004 vitam,
1015 3931 1069 3993 sed
1094 3930 1165 3994 aliis
1188 3931 1300 3995 debere

347 4023 518 4110 cognoscit,
543 4035 574 4087 et
600 4047 668 4086 eam
700 4024 761 4087 illis
791 4027 937 4092 ordinata
966 4028 1098 4094 caritate
1125 4030 1301 4094 distribuit.

347 4124 466 4189 Totum
492 4146 568 4207 ergo
592 4146 624 4185 se
651 4127 721 4187 Deo
747 4124 855 4204 debet,
881 4112 1052 4213 plurimum
1081 4151 1150 4194 suae
1177 4131 1297 4215 patriae,

346 4228 484 4292 multum
510 4225 702 4312 parentibus
722 4227 924 4315 propinquis
940 4231 1099 4294 extraneis
1122 4230 1296 4309 minimum,
