3309 5309
477 667 517 725 26
735 678 873 722 scaurus
889 678 1166 723 sanusnnnrnnsm
1303 663 1385 742 [mn.
1403 683 1428 728 r.

476 832 548 896 dem
563 831 664 895 calice
688 851 783 894 aureo
801 834 981 895 universam
1003 853 1130 895 carnem
1152 833 1299 908 inebriat,
1316 848 1349 897 et
1371 834 1431 898 ad-

475 955 585 997 versus
606 934 820 1007 Hierusalem,
837 955 910 1017 quae
925 955 1050 997 sursum
1072 943 1131 1010 est,
1147 945 1251 998 castra
1272 939 1432 1002 construit

477 1032 689 1120 proculdubio
698 1037 846 1120 peritura,
856 1037 974 1119 quibus
983 1037 1127 1120 quisquis
1136 1037 1281 1100 militiam
1290 1048 1435 1120 prrestat,

478 1148 632 1221 perpetua
656 1150 839 1201 sanctorum
867 1137 1092 1201 maledictione
1118 1137 1295 1201 damnatur.
1340 1141 1434 1204 Esau

477 1260 607 1324 quoque
623 1240 824 1303 venationem
841 1241 994 1319 exercuit,
1009 1252 1040 1302 et
1055 1239 1278 1304 benedictione
1298 1253 1435 1323 paterna

476 1343 591 1405 meruit
605 1340 793 1405 defraudari.
839 1341 881 1404 In
896 1342 983 1405 silvis
998 1343 1129 1423 collegit
1151 1342 1298 1419 esuriem,
1314 1355 1349 1405 ut
1370 1343 1432 1405 im-

477 1442 640 1508 moderato
674 1454 752 1508 aestu
781 1445 966 1508 lenticulam
997 1444 1244 1527 concupiscens,
1273 1465 1433 1527 praeroga-

477 1546 574 1610 tivam
598 1546 881 1630 primogenitorum
908 1546 1027 1627 exiguo
1052 1545 1162 1628 precio
1185 1556 1217 1608 et
1239 1545 1294 1607 vili
1316 1542 1431 1608 distra-

478 1648 583 1712 heret:
614 1657 646 1711 et
662 1647 778 1731 jugum
793 1648 954 1711 servitutis
972 1645 1181 1711 haereditariae
1204 1647 1377 1710 transmisit
1397 1647 1434 1709 in

477 1759 631 1832 posteros,
648 1759 684 1812 ut
705 1749 820 1812 ditioni
835 1749 976 1826 minoris,
992 1749 1048 1833 qui
1071 1747 1158 1810 domi
1181 1746 1327 1827 degebat,
1345 1749 1433 1811 colla

478 1860 707 1935 supponerent.
752 1851 990 1913 Fruticantibus
1014 1849 1089 1931 pilis
1111 1849 1285 1912 horrebant
1307 1870 1436 1927 manus,

478 1973 539 2016 neo
553 1953 640 2014 enim
653 1951 737 2014 lenis
756 1972 826 2013 esse
850 1961 976 2034 poterat
991 1960 1088 2028 tactu,
1104 1950 1255 2013 silvestris
1277 1951 1432 2025 moribus,

479 2052 665 2133 cultumque
680 2050 776 2113 vestis
793 2049 956 2134 praeciosae
978 2049 1065 2113 domi
1080 2051 1264 2134 reliqueret,
1280 2047 1333 2134 qui
1353 2050 1435 2114 assi·

479 2149 545 2214 duo
567 2158 684 2213 venatu
702 2151 827 2213 virtutis
850 2150 1011 2235 abjecerat
1034 2149 1264 2215 indumentum.
1311 2153 1436 2216 Frater-

479 2272 557 2315 num
573 2252 760 2333 sauguinem
775 2254 911 2328 sitiebat,
922 2264 954 2315 ct
969 2273 1003 2315 se
1018 2253 1059 2316 ab
1074 2273 1124 2330 eo,
1138 2274 1234 2336 quem
1250 2254 1311 2317 sibi
1327 2252 1438 2318 divina

480 2353 582 2435 gratia
610 2351 650 2416 de
680 2361 813 2435 paterna
841 2351 1067 2416 benedictione
1096 2349 1262 2436 praelatum
1291 2366 1437 2433 noverat,

481 2455 626 2537 placatus
655 2468 728 2519 ante
758 2456 955 2533 muneribus,
980 2477 1045 2517 nou
1075 2466 1124 2519 est
1153 2456 1271 2520 veritus
1300 2456 1436 2520 adorari.

480 2557 669 2621 Venationis
692 2559 785 2622 aeriae
809 2569 971 2621 auctorem
995 2559 1146 2643 jactitant
1170 2559 1270 2621 fuisse
1298 2560 1436 2624 Macha-

480 2659 588 2738 beum,
603 2660 658 2744 qui
679 2660 854 2745 majoribus
878 2672 1065 2744 occupatus,
1081 2658 1177 2742 hujus
1197 2660 1382 2743 voluptatis,
1398 2671 1435 2723 ut

480 2760 631 2839 ereditur,
655 2763 751 2825 vitam
782 2761 875 2825 duxit
901 2772 1056 2825 exortem.
1109 2762 1249 2841 Egregie
1276 2760 1438 2845 siquidem

481 2861 568 2924 bella
582 2862 689 2941 gessit,
699 2862 846 2924 fratribus
862 2863 1001 2926 restituit
1014 2864 1206 2937 libertatem,
1218 2864 1306 2944 leges
1322 2863 1437 2941 erexit,

482 2964 678 3028 ceremonias
693 2963 866 3041 innovavit,
877 2963 1042 3027 mundavit
1053 2973 1175 3038 sancte,
1189 2966 1298 3047 templi
1311 2965 1438 3042 faeiem,

480 3063 567 3128 unde
605 3062 667 3129 sibi
705 3064 858 3130 credebat
888 3066 1072 3149 provenisse
1103 3065 1279 3143 victoriam,
1308 3065 1439 3128 coronis

481 3168 584 3231 aureis
599 3167 771 3246 decoravit,
785 3170 958 3253 nullosque
974 3168 1061 3230 illius
1077 3168 1110 3229 in
1127 3179 1219 3231 actus
1235 3167 1397 3250 surrepsit,

653 3290 910 3355 —pcrtemque
921 3284 983 3338 tulit
995 3286 1045 3337 sibi
1056 3289 1119 3336 nata
1130 3282 1256 3354 voluptas.

482 3378 646 3441 Postremo
666 3400 724 3460 pro
740 3382 841 3443 salute
858 3383 986 3444 fratrum
1010 3384 1098 3444 susus
1122 3382 1155 3442 iu
1172 3383 1252 3459 acie,
1266 3400 1437 3462 germanos

481 3477 616 3556 legitimi
644 3478 722 3541 belli
759 3480 889 3562 reliquit
917 3480 1061 3543 heredes.
1120 3481 1177 3545 Ab
1207 3493 1300 3545 aetate
1333 3481 1439 3562 prima

483 3578 535 3639 cui
556 3578 689 3641 rationis
708 3580 812 3660 legem
828 3592 941 3645 natura
962 3584 1207 3665 praescripserat,
1222 3585 1348 3666 inspice
1373 3580 1437 3646 Pa-

375 3745 381 3751 ,
483 3678 732 3758 triarchas,data
741 3682 811 3764 lege
820 3683 918 3746 transi
927 3682 968 3746 ad
978 3682 1089 3760 ducar,
1099 3686 1238 3769 procede
1249 3685 1439 3769 adjudices,

481 3779 524 3842 ad
549 3802 640 3863 reges
662 3782 867 3866 progredere,
887 3805 1036 3867 percurre
1061 3786 1173 3848 seriem
1198 3787 1439 3871 prophetarum,

483 3877 589 3942 fidelis
610 3881 721 3964 populi
744 3883 851 3945 officia
875 3894 908 3944 et
933 3881 1040 3945 studia
1065 3895 1269 3966 perscrutare,
1294 3906 1377 3966 quos
1403 3886 1440 3949 in

483 3979 563 4043 serie
586 3981 700 4044 veteris
719 3981 920 4046 instrumenti
939 3983 1021 4063 legis
1036 3985 1219 4046 exercuisse
1234 3984 1437 4048 venaticam?

483 4081 608 4165 Nempe
629 4082 802 4155 Idumaeos,
821 4094 855 4145 et
878 4084 1068 4160 lsmaelitas,
1091 4094 1123 4145 et
1141 4094 1252 4163 gentes
1274 4102 1346 4163 quae
1367 4083 1435 4144 Do-

482 4185 604 4248 minum
626 4183 822 4247 nesciebant.
871 4182 937 4246 Ubi
960 4194 1034 4246 sunt
1055 4183 1169 4267 (inquit
1188 4181 1359 4264 Propheta,
1381 4202 1439 4248 aut

482 4287 508 4350 si
531 4288 643 4364 mavis,
664 4285 737 4349 dum
762 4294 868 4349 tamen
890 4285 924 4347 in
947 4285 1072 4367 spiritu,
1093 4284 1237 4347 notarius
1258 4285 1434 4366 propheten)
