3309 5309
355 661 419 723 288
602 675 737 720 mamus
754 673 1031 718 sanusnxntxnsrs
1166 653 1247 740 [nin.
1265 673 1305 720 ιν.

355 850 418 891 non
434 825 587 902 ostendit,
602 824 721 908 linguis
738 825 803 889 suis
824 822 1041 898 introducant,
1058 820 1150 907 quasi
1166 821 1305 907 quodam

355 931 481 993 aurium
498 927 592 1006 ostio,
606 924 735 991 literati.
781 926 886 1010 Legat
906 948 982 1010 ergo
1002 947 1091 988 mens
1107 924 1261 1009 principis
1275 925 1306 987 in

355 1031 468 1115 lingua
482 1027 663 1108 sacerdotis,
678 1039 710 1091 et
733 1026 884 1112 quicquid
907 1028 1072 1112 egregium
1089 1025 1177 1090 videt
1194 1029 1226 1090 in
1243 1049 1307 1088 mo·

354 1134 455 1206 ribus,
476 1134 569 1218 quasi
591 1129 693 1215 legem
711 1128 841 1193 Domini
863 1142 1039 1193 veneretur.
1085 1129 1169 1191 Nam
1185 1142 1218 1192 et
1242 1128 1306 1192 vita

354 1247 386 1299 et
402 1234 512 1319 lingua
532 1231 743 1310 sacerdotum,
757 1231 850 1317 quasi
872 1230 1004 1317 qnidam
1026 1230 1102 1294 vitae
1117 1229 1198 1293 liber
1213 1242 1261 1294 est
1275 1230 1306 1293 in

354 1338 434 1403 facie
463 1336 668 1422 populorum.
714 1336 764 1398 Eo
790 1335 872 1398 sorte
895 1346 1029 1419 spectat,
1052 1333 1141 1419 quod
1163 1333 1306 1419 exempla

353 1439 466 1523 legisa
488 1437 705 1502 sacerdotibus
729 1436 883 1501 Leviticae
904 1435 1007 1499 tribus
1017 1435 1154 1520 jubetur
1168 1436 1303 1508 assumi3

354 1540 430 1626 quia
459 1539 690 1626 praedicatione
719 1561 828 1602 eorum
853 1537 948 1600 debet
977 1549 1118 1623 potestas
1148 1537 1305 1601 commissi

352 1644 556 1729 magistratus
575 1641 790 1728 gubernacula
811 1642 978 1706 moderari.
1025 1644 1093 1704 Nec
1108 1664 1226 1727 expers
1241 1662 1305 1704 om·

352 1748 428 1810 nino
451 1745 594 1810 lectionis
617 1756 676 1820 est,
698 1744 753 1830 qui
781 1744 840 1807 etsi
866 1744 934 1829 ipse
960 1765 1021 1806 non
1046 1741 1135 1824 legit,
1162 1765 1238 1828 quae
1265 1743 1305 1806 le-

351 1862 471 1931 guntur
497 1848 538 1911 ab
560 1845 640 1922 aliis,
663 1846 800 1910 fideliter
821 1844 925 1908 audit.
969 1845 1033 1921 Qui
1055 1867 1132 1907 vero
1154 1859 1304 1909 neutrum

351 1947 440 2029 facit,
462 1946 636 2031 quomodo,
657 1947 689 2009 in
717 1959 903 2031 contemptu
926 1945 1089 2030 praecepti,
1112 1945 1203 2031 quod
1225 1968 1304 2030 prae-

351 2045 470 2130 cipitur
485 2045 622 2109 fideliter
637 2044 848 2131 adimplebit?
888 2047 1070 2109 Concursus
1089 2067 1229 2130 namque
1251 2046 1303 2109 de-

353 2145 568 2211 siderabilium
590 2146 731 2209 omnium
753 2143 915 2229 sapientiae
935 2143 1069 2208 accessio
1088 2159 1147 2208 est.
1196 2145 1303 2210 Ptolo·

351 2267 452 2308 maeus
474 2243 515 2309 ad
541 2244 702 2307 cumulum
730 2244 947 2322 beatitudinis,
969 2267 1073 2307 nonne
1095 2244 1155 2308 sibi
1181 2244 1302 2329 aliquid

351 2345 459 2410 deesse
471 2344 617 2424 credidit,
628 2345 728 2409 donec
740 2347 849 2410 accitis
861 2347 1063 2433 septuaginta
1075 2347 1303 2433 interpretibus

351 2445 424 2510 licet
447 2445 574 2530 gentilis
593 2460 687 2520 esset,
707 2446 810 2528 legem
833 2448 964 2512 Domini
985 2448 1107 2511 Graecis
1128 2449 1301 2513 communi·

350 2548 458 2612 cavit?
496 2546 588 2611 Nihil
613 2547 696 2611 enim
721 2547 830 2623 refert,
856 2570 895 2610 an
922 2548 1109 2634 interpretes
1132 2549 1164 2612 in
1191 2550 1300 2613 eadem

349 2649 463 2713 cellula
490 2649 590 2714 clausi
616 2649 819 2732 contulerint,
845 2673 884 2715 an
910 2651 1171 2736 prophetaverint
1196 2653 1229 2715 in
1254 2651 1300 2714 di-

350 2751 460 2830 versis,
489 2749 567 2813 dum
594 2763 716 2814 constet
742 2773 847 2835 regem
875 2753 905 2814 in
934 2752 1073 2816 veritatis
1099 2752 1300 2839 inquisitione

349 2852 522 2929 solicitum,
538 2852 638 2936 legem
661 2850 790 2915 Domini
811 2852 842 2915 in
868 2852 1025 2919 Graeciam
1046 2854 1213 2939 trajecisse.
1260 2854 1298 2916 In

349 2953 462 3019 Atticis
488 2953 647 3018 Noctibus
674 2952 786 3037 legisse
813 2954 953 3029 memini,
978 2955 1067 3040 quod
1094 2977 1196 3040 quum
1225 2954 1300 3017 Phi-

349 3053 429 3141 lippi
445 3054 631 3120 Macedonis
643 3078 766 3119 morum
782 3056 929 3140 legantur
939 3056 1085 3141 insignia,
1096 3056 1299 3122 iutercaetera

349 3153 557 3222 literatorium
582 3156 738 3236 studium,
761 3157 850 3243 quasi
877 3156 952 3222 belli
978 3159 1118 3242 negotia,
1141 3170 1173 3221 et
1200 3157 1299 3221 victo·

348 3258 466 3323 riarum
490 3259 670 3345 triumphos
695 3259 917 3324 liberalitatem
940 3281 1068 3336 mensae,
1091 3259 1298 3323 humanitatis

348 3358 498 3435 officium,
514 3372 545 3424 et
566 3383 766 3446 quaecunque
786 3360 904 3445 lepide,
922 3359 1195 3446 communiterque
1213 3359 1298 3425 dicta

348 3457 399 3520 vel
422 3457 508 3521 facta
533 3471 617 3538 sunt,
640 3460 803 3524 coloravit.
851 3461 968 3525 Verum
993 3473 1026 3524 et
1052 3460 1112 3524 boc
1135 3461 1241 3547 ipsum
1265 3460 1295 3523 iu

348 3581 415 3642 quo
438 3581 470 3620 se
492 3556 561 3621 aliis
589 3558 841 3624 excellentiorem
864 3573 1007 3637 noverat,
1029 3561 1120 3646 quasi
1141 3560 1294 3624 bonorum

348 3657 619 3724 haereditariorum
634 3660 891 3740 fundamentum,
905 3661 946 3724 ad
962 3661 1092 3726 unicum
1113 3684 1209 3747 quem
1229 3684 1297 3748 spe·

347 3758 439 3822 rabat
462 3762 553 3843 regni
578 3773 610 3823 et
640 3758 801 3825 felicitatis
831 3761 978 3825 futurum
1009 3761 1170 3838 heredem,
1197 3775 1296 3827 trans-

349 3861 476 3924 mittere
487 3860 620 3925 curarit.
659 3861 711 3926 Ob
722 3884 819 3948 quam
831 3886 957 3928 causam
970 3864 1104 3950 epistola
1117 3866 1189 3950 ejus
1202 3864 1295 3929 desti·

346 3975 422 4027 nata
443 3958 606 4026 Aristoteli
629 3984 731 4048 nuper
753 3963 819 4027 nati
835 3964 1021 4044 Alexandri,
1038 3980 1072 4030 ut
1097 3967 1294 4052 sperabatur,

345 4064 500 4150 magistro
517 4062 584 4126 visa
598 4075 645 4127 est
666 4063 718 4127 hic
732 4065 908 4130 scribenda.
952 4068 1013 4132 Est
1028 4068 1130 4152 igitur
1144 4081 1295 4154 concepta

346 4166 388 4230 ad
403 4167 484 4230 hanc
499 4165 597 4228 ferme
613 4166 876 4231 sententiam.-—“
887 4169 1059 4256 Philippus
1074 4169 1238 4235 Aristoteli
1248 4191 1295 4233 saa

344 4271 445 4334 lutem
465 4268 553 4333 dicit.
599 4265 719 4332 Filium
739 4268 817 4333 mibi
837 4271 981 4355 genitum
1005 4273 1096 4352 scito,
1118 4295 1185 4356 quo
1204 4272 1293 4356 equi·
