3309 5309
345 684 416 730 car.
433 666 483 746 ru]
696 682 952 728 rotrcnrrrcus
1241 671 1298 730 191

345 836 565 900 testimonium
593 843 650 897 cst.
697 835 779 898 Inde
808 848 857 898 est
878 835 977 898 illud:
1009 836 1174 898 Romanus
1200 835 1304 900 omnis
1380 840 1383 844 ’

346 936 533 1001 adulatione
548 935 769 1017 corrumpitur,
784 946 839 997 aut
853 936 1038 1019 corrumpit.
1082 937 1177 999 Certe
1193 936 1219 998 si
1235 958 1301 999 non

345 1039 462 1116 verbis,
478 1046 613 1121 possunt
628 1057 740 1098 omnes
755 1036 964 1099 fraudulentis
978 1036 1163 1099 muneribus
1178 1058 1301 1120 expug·

344 1141 422 1203 nari.
468 1141 514 1202 Et
535 1159 617 1222 quos
638 1138 830 1199 munuscula
851 1160 915 1201 non
939 1139 1108 1223 dejiciunt,
1127 1140 1302 1203 horroribus

346 1242 528 1324 capiuntur.
578 1239 675 1302 Urbis
701 1239 858 1320 auspicia,
880 1241 1047 1320 sacrilegio
1075 1240 1248 1322 parricidii,
1270 1253 1303 1303 et

346 1344 475 1406 fraterni
499 1342 665 1422 sanguinis
694 1361 816 1418 cruore,
843 1341 1030 1404 numinibus
1056 1344 1123 1405 suis
1145 1343 1302 1405 Romulus

348 1443 558 1508 consecravit.
579 1440 708 1504 Deinde
717 1442 891 1504 lemuribus
903 1442 1080 1519 infestatus,
1090 1443 1211 1505 honore
1221 1464 1302 1505 vano

349 1544 499 1608 simulata
528 1543 818 1606 communicatione
847 1543 982 1625 imperii,
1008 1544 1133 1605 fratrem
1163 1545 1302 1626 placarit

347 1648 502 1711 occisum.
548 1647 631 1710 Suos
655 1665 784 1727 quoque
809 1646 1031 1728 Imperatores,
1052 1665 1132 1726 quos
1155 1643 1195 1708 de
1217 1667 1303 1708 more

348 1749 517 1811 Romanus
539 1748 678 1830 populus
697 1745 836 1808 fideliter
854 1746 1032 1831 jugulabat,
1048 1745 1210 1809 deificavit
1224 1746 1302 1809 fide·

346 1847 411 1910 lius
435 1848 524 1910 inani
547 1847 672 1924 solatio,
694 1846 863 1929 perfidiam
889 1857 1071 1929 praetexens
1093 1846 1305 1925 manifestam,

348 1949 483 2031 perinde
511 1970 549 2012 ac
581 1949 606 2010 si
638 1948 888 2010 sorbitiunculas
918 1949 959 2025 ei,
988 1969 1083 2031 quem
1118 1961 1304 2031 peremerat,

352 2049 558 2112 ministraret:
581 2069 699 2132 eosque
716 2050 949 2111 mentiebantur
959 2047 992 2110 in
1008 2060 1122 2112 sortem
1140 2049 1303 2112 transiisse

351 2150 529 2222 numinum,
555 2171 592 2212 ac
615 2150 643 2212 si
670 2151 752 2213 coelo
779 2171 838 2212 suo
860 2151 1045 2233 mundoque
1070 2150 1220 2230 regend0,
1242 2151 1303 2214 nisi

351 2251 495 2334 tyrannis
518 2250 661 2328 adscitis,
678 2251 907 2334 omnipotentis
928 2273 993 2314 non
1017 2252 1158 2314 sufficiat
1180 2273 1302 2316 manus.

351 2351 445 2415 Facti
467 2363 543 2415 sunt
564 2361 640 2432 ergo
664 2351 729 2413 diri
754 2351 923 2432 indigetes,
946 2361 1011 2428 aut,
1035 2362 1071 2413 ut
1091 2353 1162 2414 aliis
1187 2353 1304 2436 placet,

350 2452 478 2524 heroes
497 2474 576 2535 quos
590 2473 650 2514 uec
671 2453 766 2514 etiam
788 2451 930 2513 humana
949 2462 1033 2514 sorte
1054 2452 1170 2533 dignos
1184 2453 1302 2516 Roma·

350 2573 464 2614 norum
479 2551 615 2635 perfidia
634 2551 800 2633 reputavit.
845 2551 997 2613 Tractum
1013 2563 1061 2614 est
1076 2551 1153 2615 hinc
1176 2574 1303 2631 nomeu,

352 2675 416 2736 quo
431 2653 595 2737 principes
611 2653 760 2715 virtutum
777 2653 888 2728 titulis,
902 2662 935 2713 et
949 2672 1030 2712 verae
1046 2651 1122 2713 fidei
1137 2654 1209 2715 luce
1225 2675 1306 2735 prae·
1372 2736 1376 2740 .

351 2754 472 2834 signes,
488 2775 522 2817 se
537 2753 629 2818 divos
652 2753 801 2829 audeant,
817 2753 935 2816 nedum
959 2752 1120 2834 gaudeant
1143 2755 1305 2836 appellari,
1379 2740 1382 2744 ”

353 2856 453 2918 veteri
464 2857 594 2938 quidem
612 2853 846 2918 consuetudine
858 2854 953 2916 etiam
965 2855 999 2915 in
1012 2854 1099 2932 vitio,
1112 2866 1144 2917 et
1155 2854 1306 2918 adversus

350 2955 451 3018 fidem
479 2957 670 3018 catholicam
703 2955 877 3018 obtinente.
934 2955 969 3017 Si
996 2977 1068 3018 vero
1093 2955 1237 3018 veniatur
1265 2955 1307 3019 ad

352 3057 460 3134 verba,
472 3057 505 3118 in
522 3077 560 3117 eo
570 3055 637 3138 jam
654 3057 821 3117 Romanus
833 3057 1018 3118 Graecorum
1034 3055 1201 3137 perfidiam
1217 3069 1307 3120 ante·

308 3178 311 3184 ’
357 3155 458 3232 cedit,
474 3155 529 3236 qui
544 3175 582 3216 eo
596 3175 699 3236 usque
715 3153 869 3217 adulandi
883 3154 1077 3217 lenocinium
1101 3154 1222 3230 docuit,
1238 3167 1274 3218 ut
1289 3177 1308 3218 a

353 3254 452 3320 docili
478 3256 600 3337 populo
630 3253 802 3316 sacilimine
826 3265 1012 3318 transeatur.
1057 3258 1164 3319 Voces
1190 3256 1307 3340 quibus

352 3357 524 3420 mentimur
538 3354 687 3431 dominis,
704 3354 778 3416 dum
799 3355 1050 3436 singularitatem
1065 3357 1186 3420 honore
1203 3358 1307 3422 multi-

352 3457 476 3520 tudinis
491 3456 690 3531 decoramus,
707 3457 794 3518 natio
810 3456 880 3519 haec
901 3457 1034 3534 invenit,
1049 3459 1138 3521 etad
1155 3458 1307 3524 finitimos

351 3569 562 3640 posterosque
590 3558 638 3620 sui
664 3558 803 3620 nominis
833 3558 1019 3620 auctoritate
1045 3557 1227 3624 transmisit.
1272 3562 1307 3626 Si

353 3658 485 3742 quando
509 3658 636 3740 quaeris,
664 3657 745 3720 illud
768 3659 828 3720 tibi
852 3672 979 3742 tempus
1001 3670 1155 3737 occurrat,
1177 3682 1240 3744 quo
1268 3662 1307 3726 C.

354 3759 473 3836 Caesar,
486 3779 609 3821 exuens
624 3760 733 3822 nescio
750 3781 789 3821 an
806 3759 975 3842 perficiens
991 3760 1189 3835 dictatorem,
1200 3763 1309 3826 omnia

352 3855 470 3936 factus,
484 3860 591 3922 omnia
609 3861 788 3942 occupavit.
836 3861 928 3923 Illius
950 3873 1035 3925 certe
1058 3863 1210 3944 temporis
1230 3864 1307 3926 mihi

355 3979 440 4042 saepe
453 3959 593 4022 occurrit
604 3960 720 4040 imago,
732 3981 833 4044 quum
845 3961 885 4024 ad
897 3963 1084 4044 potentioris
1099 3974 1222 4041 nutum,
1234 3967 1308 4026 sub·

349 4060 510 4144 jectoruru
525 4061 632 4123 omnia
644 4060 862 4144 disponantur,
874 4076 905 4124 ct
916 4064 990 4126 licet
1002 4065 1110 4126 animo
1122 4066 1309 4138 reluctante,

351 4160 387 4220 in
403 4159 526 4242 seipsos
549 4161 651 4243 parati
674 4174 750 4224 sunt
771 4162 872 4239 exilii,
889 4174 944 4224 aut
965 4164 1076 4225 mortis
1099 4163 1219 4224 dictare
1237 4180 1309 4220 sen-

354 4258 500 4321 tentiam.
545 4259 636 4323 Hinc
661 4261 779 4344 quippe
803 4270 944 4342 potestas
966 4260 1133 4335 terribilis;
1156 4260 1231 4320 binc
1255 4281 1310 4320 an-
