3309 5309
470 650 531 708 188
727 661 865 705 roannrs
880 660 1158 707 saussnnnrnnsrs
1272 645 1355 725 [un.
1372 662 1424 706 111.

468 815 583 879 danem
599 836 672 877 cum
689 835 708 876 o
724 814 801 896 equi
817 813 956 897 desuper
970 812 1085 886 adstat,
1101 824 1135 876 ut
1155 816 1302 880 homines
1317 822 1423 877 actus-

426 979 428 984 ,
468 915 1296 1001 queeorum,etvoluntatesindesinenterprospiciat.
1313 917 1422 988 Quum

468 1017 554 1080 enim
577 1037 687 1079 omnes
710 1026 882 1079 exerceant
902 1014 1100 1090 histrionem,
1122 1016 1263 1098 aliquem
1290 1036 1422 1079 necesse

469 1126 518 1180 est
540 1137 609 1180 esse
633 1126 858 1200 spectatorem.
904 1115 974 1178 Nec
997 1126 1145 1196 queratur
1166 1117 1296 1199 aliquis,
1319 1128 1425 1178 motus

470 1239 544 1281 suos
564 1219 604 1280 ab
628 1217 736 1300 aliquo
759 1238 824 1279 non
844 1214 953 1292 videri,
972 1236 1071 1297 quum
1098 1216 1131 1279 in
1159 1226 1336 1299 conspectu
1363 1217 1425 1279 Dei

470 1327 554 1398 agat,
577 1318 827 1401 angelorumque
850 1315 929 1400 ejus,
955 1337 1196 1399 paucorumque
1222 1317 1425 1400 sapientium,

471 1418 528 1503 qui
548 1429 580 1481 et
598 1419 661 1501 ipsi
682 1418 830 1480 ludorum
853 1418 983 1480 istorum
1005 1416 1206 1480 Circensium
1229 1425 1424 1500 spectatores

471 1528 553 1582 sunt.
599 1521 779 1583 Erubescat
799 1519 917 1603 potius,
936 1519 962 1581 si
983 1517 1055 1600 quis
1078 1517 1110 1579 in
1134 1528 1222 1581 tanta
1240 1520 1316 1580 luce
1335 1517 1423 1581 inde·

471 1631 579 1684 center
603 1631 776 1698 moveatur,
801 1629 834 1682 et
859 1641 893 1682 se
917 1630 1018 1682 totum
1041 1618 1270 1682 exercitatione
1297 1617 1424 1681 mimica

474 1721 670 1784 devenustet.

474 2035 554 2117 Cap.
573 2038 622 2094 10.
649 2031 743 2098 Quod
766 2029 829 2092 sibi
848 2049 995 2112 persona
1021 2037 1229 2110 coaptantur,
1254 2041 1286 2095 et
1312 2033 1423 2112 depre-

517 2136 652 2196 ciantur
672 2132 869 2193 dissociata:
895 2138 927 2192 et
949 2130 988 2192 dc
1012 2129 1198 2212 Cleopatra,
1217 2132 1376 2214 Aupasto,
1394 2141 1426 2196 ct

520 2235 689 2312 Scipione:
710 2240 741 2292 et
765 2231 851 2314 quod
871 2231 1013 2292 Romani
1034 2234 1176 2295 vanitati
1197 2235 1305 2297 dediti
1326 2243 1423 2303 sant,-

518 2342 550 2396 et
566 2335 638 2416 quis
652 2336 694 2393 stt
709 2333 1008 2412 adulatoriaefirris.

520 2508 699 2571 Crnrnuuru
721 2505 753 2568 in
778 2505 841 2569 hoc
867 2506 1001 2569 fortunae
1023 2508 1173 2586 ludibrio,
1195 2530 1343 2592 personae
1367 2509 1426 2574 sibi

475 2610 613 2674 invicem
637 2617 834 2690 coaptantur,
851 2617 884 2670 et
899 2608 926 2670 si
941 2609 1128 2673 altrinsecus
1145 2610 1315 2690 divertant,
1330 2613 1427 2675 totius

476 2722 567 2775 actus
593 2710 691 2773 facies
716 2709 909 2785 immutatur,
929 2721 964 2773 ut
985 2711 1013 2772 si
1035 2712 1221 2795 Glycerium
1244 2714 1351 2788 tollas,
1372 2722 1427 2777 aut

475 2812 689 2895 Pamphilum.
734 2809 868 2873 Sublato
887 2810 973 2872 enim
988 2812 1149 2890 alterutro,
1164 2834 1281 2876 nomen
1299 2814 1426 2877 alterius

476 2914 569 2997 perit,
585 2921 616 2975 et
631 2913 658 2974 si
674 2933 748 2975 cum
762 2912 943 2974 amantibus
963 2913 1176 2995 suspiciosum
1197 2915 1292 2978 tollas
1307 2936 1426 2990 senem,

476 3016 584 3078 nullus
599 3023 657 3090 est,
668 3022 723 3079 aut
736 3011 860 3074 inutilis
875 3012 1005 3074 omnino
1018 3013 1138 3078 Davus·
1169 3016 1259 3080 Hinc
1275 3029 1324 3080 est
1338 3017 1429 3092 illud,

931 3144 1018 3197 Fortis
1028 3146 1055 3196 in
1067 3147 1146 3198 armis

582 3229 711 3283 Caesareis
724 3229 856 3281 Labienus
868 3235 932 3293 erat,
945 3247 1022 3294 nunc,
1034 3231 1170 3300 transfugo
1181 3233 1250 3301 vilis,

583 3316 651 3368 Cum
664 3317 729 3368 duce
740 3317 849 3387 privato,
862 3320 944 3367 terras
956 3321 1035 3384 atque
1045 3333 1148 3385 aequora
1159 3318 1263 3373 lustrat.

479 3439 514 3502 Si
536 3437 622 3499 enirn
643 3458 804 3518 personas,
825 3458 897 3518 quae
917 3437 978 3499 sibi
999 3448 1215 3514 assueverunt,
1235 3440 1361 3526 sibique
1382 3442 1428 3506 fa·

479 3538 579 3613 ciunt,
599 3536 761 3600 decretum
785 3538 918 3599 fortunae
941 3537 1102 3617 dissociet,
1128 3540 1164 3603 fit
1184 3543 1374 3627 plerumque
1393 3555 1431 3607 ut

478 3649 611 3721 utraque
623 3637 663 3700 ad
675 3638 781 3701 omnia
796 3638 922 3720 agenda
936 3661 994 3702 sua
1004 3640 1147 3704 videatur
1162 3642 1282 3725 inepta,
1291 3654 1325 3708 et
1339 3645 1430 3727 quasi

479 3739 613 3802 exclusa
627 3739 747 3801 ratione
764 3739 860 3802 officii
876 3739 1085 3821 depreciatur.
1124 3743 1240 3806 Fracta
1255 3756 1330 3807 sunt
1343 3746 1430 3809 leno-

479 3839 564 3902 cinia
590 3839 783 3921 Cleopatrae,
809 3863 850 3903 ex
878 3864 941 3924 quo
971 3864 1031 3906 nec
1059 3844 1182 3907 Julium
1209 3847 1343 3922 invenit,
1369 3869 1428 3912 nec

479 3939 664 4003 Antonium.
711 3941 873 4023 Equidem
891 3941 977 4006 orbis
993 3945 1143 4008 victorem
1160 3947 1323 4011 Cursarem
1337 3947 1430 4012 donis

480 4043 580 4120 flexit,
606 4050 639 4103 et
662 4040 772 4104 invicti
799 4043 858 4104 viri
885 4045 1131 4126 insuperabilem
1162 4049 1305 4113 animum
1331 4071 1432 4114 mere·

480 4144 590 4207 tricins
617 4143 714 4205 decor
740 4152 773 4204 ct
797 4146 965 4227 prostituta
996 4148 1093 4211 facies
1119 4152 1290 4233 superavit.
1336 4150 1430 4216 Unde

479 4245 631 4310 lenocinii
648 4244 717 4328 ejus
734 4244 970 4308 solicitudinem
988 4262 1084 4329 pocta
1099 4250 1297 4332 exprimens,
1312 4251 1431 4335 adjicit,
