3309 5309
353 655 413 714 140
608 671 745 714 rosnnrs
760 669 1042 715 sanssanarsnsrs
1145 655 1249 735 Ama
1265 675 1303 718 11.

350 844 402 885 ces
421 820 461 883 de
484 817 604 884 intimis
626 819 821 905 praecordiis,
841 834 872 884 et
896 820 1035 907 adjecit:
1062 822 1135 907 Ego
1157 845 1226 888 sum
1247 823 1302 909 qui

350 923 490 1010 peccavi,
520 944 580 1005 ego
609 922 717 1008 inique
746 922 809 1007 egi,
836 923 888 986 isti
918 923 974 1007 qui
1006 947 1082 988 oves
1110 939 1196 1002 sunt,
1223 925 1302 1010 quid

267 1025 269 1031 ’
350 1027 517 1090 fecerunt?
555 1029 658 1089 Verus
679 1024 790 1109 utique
811 1046 879 1104 rex,
901 1038 932 1090 et
950 1023 1060 1107 justus
1086 1028 1245 1113 princeps,
1271 1041 1303 1092 et

350 1127 479 1212 dignus,
493 1127 549 1213 qui
568 1127 722 1192 Altissimi
737 1126 899 1211 frangeret
915 1127 1006 1203 iram,
1022 1129 1078 1213 qui
1094 1128 1173 1192 dum
1198 1153 1230 1192 se
1246 1152 1303 1216 pro

350 1230 472 1316 populo
497 1227 671 1313 flagellanti
696 1230 766 1290 Deo
791 1228 954 1314 opposuit,
980 1227 1208 1313 indignationis
1234 1231 1303 1316 ejus

349 1331 510 1416 flagellum
541 1330 670 1393 amovit.
716 1331 801 1392 Eum
834 1328 991 1414 siquidem
1023 1331 1110 1394 nulla
1140 1332 1303 1395 excusatio

350 1433 461 1511 flectit,
474 1432 533 1496 nisi
544 1455 643 1518 quum
657 1431 728 1516 quis
740 1432 870 1517 proprio
877 1432 1002 1516 judicio
1011 1445 1187 1498 accusatur.
1213 1433 1302 1498 Nihil

350 1550 456 1601 movet
474 1535 515 1598 ad
540 1534 674 1609 veniam,
695 1532 754 1595 nisi
774 1556 875 1618 quum
900 1556 1014 1597 nocens
1038 1535 1156 1598 nudam
1182 1534 1302 1620 detegit

350 1639 488 1724 culpam.
517 1635 768 1702 Misericordiam
783 1634 861 1698 nibil
874 1636 1036 1713 admonet,
1049 1637 1108 1700 nisi
1120 1660 1220 1723 quum
1237 1638 1303 1703 ani·

350 1760 422 1803 mus
437 1740 569 1804 caritate
588 1760 768 1810 succensus,
783 1737 816 1799 in
838 1760 871 1799 se
893 1737 962 1821 ipso
980 1739 1167 1803 conteritur.
1213 1739 1302 1804 Nihil

349 1841 520 1928 persuadet
532 1838 772 1926 propitiandum
786 1861 862 1911 esse,
876 1838 936 1901 nisi
952 1862 1053 1921 quum
1070 1861 1158 1902 mens
1172 1861 1301 1906 manum

348 1945 453 2031 operis
481 1942 625 2006 extendit
655 1940 695 2004 ad
726 1940 995 2007 satisfaciendum.
1053 1941 1086 2004 Si
1115 1942 1190 2028 quis
1218 1943 1301 2008 enim

349 2047 470 2111 fatetur
486 2046 626 2129 culpam,
637 2043 758 2109 inutilis
768 2056 815 2107 est
827 2043 992 2120 confessio,
1008 2044 1067 2108 nisi
1080 2045 1301 2110 satisfactionis

349 2147 457 2212 animo
484 2160 591 2211 currat
621 2144 661 2208 ad
691 2143 825 2209 veniam.
871 2144 1014 2220 Peccavi,
1045 2146 1161 2232 inquit,
1185 2147 1301 2224 Judas,

351 2249 481 2315 tradens
496 2247 679 2332 sanguinem
691 2248 827 2332 justum.
874 2249 953 2313 Fuit
968 2250 1079 2334 itaque
1095 2271 1169 2314 vera
1185 2272 1302 2336 usque·

350 2373 478 2436 quaque
493 2345 665 2412 confessio:
689 2347 743 2410 sed
754 2347 885 2423 inutilis,
902 2349 979 2434 quia
990 2349 1098 2433 potius
1109 2350 1252 2414 cucurrit
1260 2350 1300 2415 ad

348 2453 499 2538 laqueum
512 2473 607 2537 quem
617 2462 890 2536 meruerat,qnam
899 2451 1066 2515 adlontem
1080 2451 1301 2518 misericordias

349 2578 445 2642 quam
469 2554 679 2629 demeruerat,
702 2565 733 2617 et
756 2552 976 2617 obstinationis
998 2577 1064 2617 suae
1086 2553 1207 2617 duritia
1221 2576 1302 2640 prae-

348 2657 484 2722 cluserat
515 2657 584 2721 sibi.
631 2659 715 2720 Eum
746 2669 851 2720 tamen
883 2656 1034 2742 poenituit
1064 2654 1185 2733 fecisse,
1215 2655 1301 2743 quod

349 2758 480 2838 fecerat,
505 2758 559 2822 sed
586 2780 648 2821 non
669 2781 706 2820 eo
732 2755 909 2820 devotionis
935 2757 1063 2837 affectu,
1089 2757 1146 2843 qui
1163 2755 1300 2843 lapidem

349 2860 501 2947 adjutorii
531 2859 687 2924 sufficeret
713 2855 864 2922 emollire.
921 2859 1115 2923 Poenitentia
1144 2859 1299 2946 siquidem

350 2961 468 3028 ductus
484 2963 597 3049 laqueo
609 2986 640 3026 se
657 2960 836 3047 suspendit.
881 2961 987 3027 Vitam
1000 2962 1186 3047 ergodigno
1197 2961 1299 3026 finivit

348 3067 526 3153 supplici03
558 3065 614 3129 sed
636 3064 712 3152 quia
734 3063 886 3128 malitiam
909 3086 972 3126 non
995 3064 1146 3140 correxit,
1178 3067 1300 3128 veniam

348 3170 409 3236 sibi
438 3169 527 3234 nullo
549 3167 659 3233 salutis
681 3165 866 3252 procuravit
896 3165 1042 3229 remedio.
1089 3165 1140 3230 Sic
1162 3166 1299 3229 enimet

348 3272 434 3359 apud
450 3273 567 3336 inferos
582 3271 731 3335 scribitur
746 3292 813 3333 esse
828 3267 976 3332 stimulus
992 3267 1214 3351 poenitudinis,
1229 3266 1299 3331 licet

347 3373 436 3437 nulla
459 3374 499 3436 sit
519 3372 671 3436 correctio
693 3393 801 3456 pravae
822 3367 1002 3435 voluntatis.
1051 3369 1102 3433 Sic
1125 3392 1203 3454 ergo
1224 3367 1300 3434 Saul

347 3473 459 3560 procul
474 3473 573 3537 dubio
581 3486 745 3559 peccatum
758 3495 852 3536 suum
864 3472 1026 3557 imponere
1037 3471 1152 3536 nititur
1161 3469 1300 3535 humeris

347 3576 470 3652 alienis,
486 3585 518 3638 et
531 3574 608 3638 dum
625 3574 752 3639 simulat
773 3574 861 3660 quod
882 3598 902 3637 a
917 3595 1011 3659 poena
1026 3572 1103 3637 velit
1119 3595 1177 3658 per
1192 3595 1300 3658 preces

348 3676 503 3744 Samuelis
517 3677 624 3755 eximi,
635 3676 771 3763 seipsum
785 3676 915 3761 gravius
926 3688 1104 3754 oneratum,
1115 3674 1301 3739 fortioribus

346 3780 469 3865 laqueis
488 3778 632 3859 involvit,
647 3792 678 3843 et
695 3778 891 3865 irreparabili
915 3777 1070 3841 sententia
1089 3775 1301 3841 damnationis

347 3882 504 3966 astringit.
552 3881 703 3966 Sequitur
718 3881 820 3946 enim:
847 3886 891 3946 Et
907 3902 1078 3946 conversus
1099 3891 1147 3943 est
1171 3877 1300 3946 Samuel

346 3998 383 4050 ut
400 3984 510 4048 abiret.
557 3981 617 4044 Ille
637 3993 744 4045 autem
764 3982 974 4066 apprehendit
997 3982 1214 4047 summitatem
1234 3979 1300 4067 pal‘-

345 4086 380 4150 lii
395 4086 476 4171 ejus,
491 4105 565 4170 quae
581 4080 676 4171 scissa
690 4094 747 4145 est.
763 4085 808 4146 Et
825 4082 869 4145 uit
881 4083 921 4145 ad
937 4105 1008 4146 eum
1023 4081 1171 4147 Samuel:
1198 4080 1299 4146 Scidit

344 4187 503 4252 Dominus
518 4206 651 4270 regnum
670 4182 768 4246 Israel
792 4205 810 4246 a
832 4196 863 4247 te
886 4183 992 4262 hodie,
1008 4198 1040 4247 et
1064 4182 1199 4249 tradidit
1218 4181 1299 4246 illud

344 4293 490 4377 proximo
506 4302 562 4355 tuo
577 4286 698 4352 meliori
714 4298 755 4351 te.
802 4288 901 4352 Porro
918 4287 1134 4373 triumphator
1150 4286 1183 4353 in
1200 4287 1304 4355 lsrael
