3309 5309
482 657 540 715 134
734 667 870 711 roaums
885 663 1162 709 sauasusmeusts
1296 641 1381 720 [ara.
1400 661 1434 703 u.

481 819 680 892 somniantes,
697 818 778 882 inter
794 819 933 902 aliquam
950 831 981 879 et
1004 814 1122 878 unllam
1140 812 1349 877 substantiam
1368 833 1439 873 con·

481 923 595 988 stituti.
644 921 769 984 Animae
789 922 926 1005 quaesita
948 917 1082 1003 origine,
1098 916 1262 981 traducem
1285 913 1378 978 nobis
1394 913 1438 976 in·

482 1023 629 1086 tellectus
657 1023 801 1107 opponit.
848 1024 1014 1085 Postremo
1049 1019 1082 1082 in
1118 1017 1227 1082 diviua
1264 1015 1440 1081 substantia

481 1125 656 1190 trinitatem
681 1126 818 1212 recipere
833 1145 1053 1211 personarum,
1070 1121 1128 1185 nisi
1151 1122 1182 1184 in
1205 1119 1280 1183 fidei
1306 1119 1433 1198 virtute,

483 1226 642 1313 quomodo
659 1226 749 1290 Arrii
771 1226 901 1311 laqueos
916 1223 1112 1288 declinabis?
1140 1221 1330 1287 Divinitatis
1347 1243 1438 1284 unam

484 1327 656 1413 simplicem
681 1342 713 1392 et
736 1327 934 1390 individuam
959 1326 1091 1390 admitte
1115 1325 1340 1401 substantiam,
1364 1347 1439 1408 quo·

484 1429 579 1491 modo
597 1427 736 1506 Sabellii,
748 1428 806 1490 nisi
823 1426 896 1490 fidei
912 1427 1041 1500 ratione,
1055 1449 1168 1490 manus
1179 1425 1337 1509 effugies?
1362 1427 1439 1487 Haec

484 1545 587 1596 tamen
605 1553 666 1594 nou
680 1530 782 1593 miuus
797 1551 873 1594 vera
888 1541 973 1597 sunt,
986 1527 1064 1614 quia
1080 1526 1188 1591 multis
1202 1539 1339 1612 possunt
1355 1549 1437 1611 qua·

484 1633 639 1697 stionibus
654 1630 847 1718 impugnari.
891 1633 935 1693 Et
954 1630 1026 1694 licet
1042 1629 1198 1714 sapientia
1213 1631 1276 1692 Dei
1293 1652 1326 1692 se
1342 1627 1438 1692 iucar-

485 1735 621 1800 nationis
644 1738 793 1820 mysterio
816 1734 908 1797 nobis
929 1732 1084 1796 visibilem
1108 1733 1230 1808 fecerit,
1251 1755 1314 1797 non
1338 1745 1437 1796 tamen

485 1862 624 1923 eousque
641 1862 671 1900 se
682 1836 855 1901 intellectui
868 1849 976 1898 nostro
987 1835 1063 1899 fecit
1078 1834 1284 1921 palpabilem,
1294 1847 1332 1899 ut
1346 1856 1439 1920 quum

485 1963 522 2001 ea
542 1940 699 2022 possimus
722 1958 954 2023 usquequaque
976 1934 1163 2010 discurrere,
1181 1934 1316 1997 scientes
1341 1956 1440 1997 rerum
1462 2012 1464 2015 Ι

486 2041 625 2102 omnium
650 2050 770 2124 quanta
786 2040 826 2102 sit
850 2037 1031 2122 longitudo,
1045 2036 1194 2114 latitudo,
1210 2036 1392 2101 sublimitas
1412 2049 1441 2100 et

486 2140 694 2227 profundum.
727 2142 759 2203 Si
772 2163 847 2203 vero
859 2141 1154 2203 mathematicorum
1169 2139 1220 2201 via
1235 2157 1318 2202 esset
1331 2161 1442 2224 usque·

488 2264 616 2327 quaque
628 2241 807 2320 laudabilis,
817 2264 880 2305 non
897 2256 1063 2326 tantopere
1078 2241 1280 2327 poeuituisset
1292 2263 1440 2325 magnum

488 2343 705 2427 Augustinum
719 2366 751 2405 se
763 2366 870 2406 eorum
885 2342 1170 2407 consultationibus
1181 2341 1359 2406 inclinasse.
1389 2341 1442 2406 Ad

489 2447 558 2510 lraec
584 2448 694 2510 doctor
724 2445 939 2508 sanctissimus
965 2445 1018 2508 ille
1046 2444 1221 2528 Gregorius
1251 2443 1308 2530 qui
1334 2443 1442 2508 melleo

491 2548 724 2633 praedicationis
740 2548 841 2611 imbre
862 2560 962 2611 totam
979 2548 1095 2631 rigavit
1116 2561 1147 2610 et
1163 2545 1334 2611 inebriavit
1350 2544 1443 2611 eccle·

489 2655 578 2726 siam,
595 2673 656 2714 non
673 2650 770 2713 modo
785 2649 937 2713 mathesin
954 2649 1051 2735 jussit
1066 2649 1108 2712 ab
1123 2647 1197 2711 aula
1217 2648 1375 2723 recedere,
1391 2646 1442 2710 sed

490 2767 526 2818 ut
546 2754 685 2818 traditur
703 2777 721 2815 a
737 2751 922 2837 majoribus,
946 2750 1091 2814 incendio
1113 2749 1201 2813 dedit
1222 2749 1367 2836 probatae
1387 2749 1443 2812 lec·

489 2870 582 2918 tronis
680 2871 683 2879 ’

594 2989 702 3059 Scripta,
717 2985 853 3039 Palatinus
865 3004 1024 3056 quaecuuque
1036 2988 1143 3040 tenebat
1155 2987 1260 3059 Apollo.

493 3153 530 3214 lu
553 3151 671 3235 quibus
693 3162 782 3212 eraut
807 3149 978 3234 praecipua,
1002 3172 1075 3235 quae
1097 3148 1273 3214 coelestium
1298 3163 1443 3215 mentem,

490 3268 521 3316 et
538 3253 736 3336 superiorum
753 3252 879 3314 oracula
897 3251 1088 3315 videbantur
1101 3251 1284 3314 homiuibus
1298 3252 1444 3315 revelare.

492 3354 576 3429 Quid
598 3354 722 3418 multal
754 3356 867 3417 Nonne
890 3354 967 3417 satis
989 3367 1035 3417 est
1059 3353 1146 3438 quod
1171 3354 1251 3418 lianc
1275 3355 1443 3419 vanitatem

491 3452 645 3515 catholica
660 3467 691 3517 et
709 3453 894 3517 universalis
906 3453 1048 3517 Ecclesia
1064 3454 1253 3530 detestatur,
1264 3468 1295 3517 et
1311 3477 1376 3530 eos,
1391 3456 1445 3538 qui

490 3575 557 3616 eam
577 3553 710 3618 ulterius
726 3578 872 3623 exercere
894 3556 1163 3641 praesumpserint,
1180 3554 1333 3640 legitimis
1346 3551 1445 3641 poenis

492 3656 648 3719 mulctat?
682 3657 743 3721 Sed
771 3681 809 3720 ue
834 3657 1081 3743 planetariorum
1109 3681 1170 3721 non
1197 3673 1261 3722 tam
1289 3656 1445 3743 persequi,

493 3780 588 3842 quam
602 3760 691 3843 sequi
705 3760 871 3823 videamur
881 3783 1030 3841 errorem,
1041 3761 1108 3846 jam
1125 3758 1165 3822 ad
1178 3759 1303 3844 reliqua
1319 3782 1445 3846 progre-

492 3859 601 3923 diatur
622 3861 733 3925 oratio.
779 3866 844 3934 Qui
859 3864 942 3925 enim
965 3863 1040 3928 liuic
1063 3863 1240 3926 curiositati
1262 3862 1446 3939 inserviunt,

493 3983 554 4024 non
582 3963 682 4042 magis
708 3983 835 4024 veraces
864 3986 932 4024 esse
959 3978 1105 4048 possunt,
1131 3984 1227 4046 quam
1256 3961 1392 4025 humiles
1416 3972 1445 4024 et

492 4061 600 4139 sobrii,
626 4061 681 4144 qui
710 4064 827 4145 primos
854 4062 1017 4126 recubitus
1041 4063 1072 4126 in
1099 4062 1198 4127 coenis
1223 4075 1395 4147 appetunt,
1416 4074 1444 4124 et

492 4164 664 4250 epulantur
695 4160 839 4246 quotidie
869 4163 1044 4248 splendide.
1099 4167 1265 4228 Postremo
1296 4164 1445 4250 plurimos

493 4285 601 4332 corum
633 4259 752 4336 audivi,
784 4261 858 4328 novi
890 4263 1020 4339 multos,
1050 4262 1104 4326 sed
1139 4262 1295 4325 neminem
1327 4262 1358 4325 in
1388 4263 1443 4325 hoc
