3309 5309
353 695 412 753 164
594 707 733 752 scaurus
748 704 1028 751 sanasaanransrs
1153 690 1235 765 [cra.
1250 706 1309 750 111.

349 856 531 923 maternitii
546 857 693 943 estquis
707 878 871 942 nunquam
887 855 969 920 adeo
983 854 1099 921 sterilis
1115 870 1174 931 est,
1191 866 1227 919 ut
1243 877 1312 919 uon

346 958 514 1024 odibilium
531 957 669 1024 fructum
685 957 788 1044 pariat
802 956 975 1025 infelicem.
1022 956 1135 1044 lnquit
1150 957 1309 1021 Ethicus:

351 1062 406 1126 Tu
420 1061 501 1127 adeo

768 1178 840 1231 nullo
851 1179 926 1231 thure
938 1178 1036 1241 litabis,

455 1267 564 1319 llaercat
575 1265 601 1316 iu
613 1264 700 1316 stultis
711 1264 797 1316 brevis
808 1271 838 1317 ut
849 1266 992 1317 semiuncia
1004 1265 1077 1316 recti.

350 1368 481 1451 Agnitio
500 1366 630 1453 quidem
652 1365 877 1430 certitudinem
895 1366 1002 1442 habet,
1024 1378 1058 1430 et
1080 1366 1132 1431 vel
1152 1367 1186 1431 iu
1202 1367 1306 1432 scien·
1327 1343 1340 1354 ι

347 1468 403 1550 tia,
419 1468 469 1532 vel
484 1468 516 1530 in
540 1465 603 1529 fide
625 1466 779 1530 consistit.
821 1467 888 1533 Sed
910 1467 985 1532 fidei
1009 1468 1119 1553 regula
1141 1469 1305 1555 paulisper

346 1571 520 1645 differatur,
543 1569 694 1655 quoniam
723 1591 795 1633 eam
818 1582 957 1655 tempus,
981 1580 1014 1635 et
1037 1571 1125 1635 locus
1148 1594 1226 1637 suus
1249 1589 1304 1637 ex*

347 1685 463 1759 pectet.
509 1673 672 1737 Coeterum
687 1671 879 1736 scientiasui
892 1672 1036 1736 notitiam
1049 1672 1158 1739 habet.
1203 1675 1301 1749 Quod

348 1778 476 1841 evenire
506 1798 569 1838 uon
593 1786 706 1859 potest,
729 1774 754 1837 si
784 1795 848 1837 nou
879 1772 1031 1839 metiatur
1060 1775 1141 1840 vires
1165 1799 1248 1860 suas,
1277 1778 1303 1841 si

350 1878 476 1962 ignorat
489 1877 620 1941 alienas

350 2135 429 2221 Cap.
444 2139 476 2199 2.
502 2136 588 2212 Quid
614 2139 658 2200 sit
677 2138 910 2219 contemplatio
932 2138 1083 2216 hominis,
1106 2141 1303 2221 sapientiam

389 2238 580 2321 offectomb,
594 2249 625 2302 et
641 2240 713 2319 quis
727 2241 909 2321 sitsruotus
922 2243 1155 2322 speculationis
1170 2242 1277 2323 lntjus.

392 2405 461 2471 Esr
481 2425 556 2491 ergo
577 2406 716 2493 primurn
741 2405 878 2471 hominis
901 2408 1088 2494 sapientiam
1113 2411 1300 2487 affectantis,

348 2508 425 2594 quid
440 2507 507 2592 ipse
523 2507 572 2585 sit,
589 2507 666 2594 quid
681 2507 763 2574 intra
779 2530 823 2589 se,
845 2509 923 2595 quid
946 2520 1089 2590 extrase,
1112 2512 1191 2598 quid
1211 2512 1303 2594 infra,

347 2611 425 2698 quid
441 2632 544 2696 supra,
561 2611 638 2697 quid
653 2622 773 2686 contra,
790 2611 866 2697 quid
883 2622 968 2694 ante,
980 2611 1031 2677 vel
1043 2627 1153 2699 postea
1168 2613 1219 2695 sit,
1229 2635 1304 2677 con·

347 2713 505 2799 templari.
523 2714 604 2779 Inde
620 2724 669 2777 est
682 2713 763 2777 forte
775 2714 862 2799 quod
876 2712 933 2795 illi,
943 2715 998 2800 qui
1009 2715 1218 2800 primatotius
1233 2716 1303 2802 phi·

347 2814 499 2900 losophiae
522 2814 684 2879 elementa
703 2815 820 2900 posteri
844 2815 984 2881 stradere
1006 2829 1208 2898 curaverunt,
1228 2818 1302 2883 sub-

346 2918 494 2982 stantiam
509 2916 707 3001 singulorum
723 2916 867 2981 arbitrati
887 2928 961 2982 sunt
984 2918 1184 2998 intuendam,
1202 2942 1303 3006 quan·

345 3021 481 3102 titatem,
490 3019 529 3083 ad
537 3019 668 3106 aliquid,
679 3019 877 3105 qualitatem,
885 3019 981 3083 situm
994 3020 1148 3099 esse,ubi‚
1158 3022 1299 3109 quando,

344 3123 474 3200 habere,
490 3123 645 3205 iacere‚et
654 3121 731 3207 pati,
739 3133 772 3185 et
783 3143 855 3186 suas
863 3121 896 3185 in
907 3121 1055 3187 omnibus
1066 3123 1115 3188 his
1126 3124 1300 3209 proprieta-

345 3236 404 3305 tes,
416 3249 455 3290 an
466 3225 680 3289 intensionem
690 3223 872 3303 admittant,
883 3233 917 3287 et
926 3223 1144 3310 susceptibilia
1152 3226 1216 3290 sint
1227 3248 1302 3289 con·

345 3328 524 3403 aeriorum,
535 3340 613 3390 etan
624 3328 657 3391 in
668 3327 713 3391 eis
722 3326 797 3412 ipsis
806 3326 926 3413 aliquid
935 3326 1301 3393 inveniaturadversum.

349 3428 484 3491 Provide
507 3428 637 3513 quidem
664 3428 733 3492 haec
756 3441 789 3494 et
811 3428 992 3513 diligenter,
1010 3429 1069 3493 etsi
1086 3430 1119 3493 iu
1143 3452 1182 3494 eo
1198 3430 1302 3515 negli-

344 3530 504 3615 gentiores
519 3530 693 3608 extiterint,
710 3533 794 3618 quod
812 3531 860 3595 sui
883 3531 980 3616 ipsius
996 3532 1139 3597 notitiem
1162 3532 1196 3595 in
1212 3544 1302 3597 tanta

345 3655 451 3698 rerum
477 3638 548 3700 luce
575 3656 637 3697 non
662 3634 797 3699 assecuti
823 3646 907 3712 sunt,
931 3646 964 3701 ct
979 3636 1058 3701 lucis
1073 3636 1300 3701 inaccessibilis

344 3733 489 3797 notitiam
513 3734 731 3819 perdiderunt,
755 3733 832 3799 dum
857 3748 1057 3801 evanuerunt
1080 3737 1113 3800 in
1137 3737 1302 3821 cogitatio-

344 3834 438 3898 nibus
460 3834 534 3911 suis,
557 3849 590 3898 et
610 3835 753 3899 dicentes
775 3857 808 3901 se
831 3856 899 3900 esse
922 3836 1091 3923 sapientes,
1109 3839 1204 3903 'stulti
1225 3841 1301 3904 facti

343 3948 427 4013 sunt,
443 3946 477 3999 et
490 3936 693 3999 obscuratum
716 3949 764 4001 est
786 3936 938 4022 insipieus
960 3960 1015 4002 cor
1035 3962 1156 4006 eorum.
1203 3941 1301 4016 Quod

343 4063 382 4104 ex
398 4060 437 4103 eo
449 4037 656 4113 convincitur,
666 4039 752 4124 quod
762 4039 870 4103 traditi
882 4040 914 4103 in
928 4042 1089 4126 passiones
1101 4042 1298 4127 ignomiuiae,

342 4143 502 4208 faciebant
515 4163 589 4228 quae
605 4162 664 4204 nec
687 4142 786 4224 sexui,
802 4164 861 4206 nec
878 4144 976 4219 aetati,
994 4165 1055 4209 nec
1070 4146 1207 4209 fortunae
1224 4168 1300 4211 con-

342 4247 481 4322 veniant,
498 4266 558 4308 nec
572 4256 706 4323 uaturae,
722 4258 755 4309 et
767 4266 916 4330 personas
928 4247 1072 4310 omnium
1086 4247 1191 4333 operis
1206 4248 1297 4311 testi·

341 4349 449 4414 monio
470 4348 691 4414 devenustent.
736 4346 813 4412 Dati
837 4346 993 4433 siquidem
1016 4348 1145 4412 suntin
1168 4371 1296 4415 sensum
