3309 5309
349 688 409 748 198
592 699 727 745 scaurus
743 698 1023 743 smnsnnnrnrvsrs
1146 679 1227 758 [nvn.
1244 696 1296 741 111.

275 833 282 845 ¹
346 854 475 917 cissima
500 853 633 915 fundum
657 853 766 930 babet,
790 862 823 914 et
847 851 934 914 brevi
961 850 1050 914 exitu
1076 858 1299 929 congestarum

346 976 500 1038 aquarum
523 954 722 1038 quantalibet
744 953 840 1036 copia
866 952 988 1027 defluit,
1011 951 1172 1034 fontisque
1198 951 1299 1012 abun·

345 1054 455 1117 dantia
471 1055 602 1134 tollitur,
619 1053 821 1118 scaturientis
840 1074 929 1116 venae
944 1050 1150 1115 facunditate
1167 1050 1298 1113 sublata.

346 1156 437 1218 Exili
447 1157 632 1239 plerumque
644 1165 751 1218 meatu
761 1155 921 1217 inclusum
936 1153 1035 1234 egerit
1044 1173 1124 1215 uma
1133 1153 1298 1235 liquorem

347 1256 400 1319 Sic
417 1258 647 1335 minutissimis,
659 1256 735 1318 dum
750 1255 968 1339 frequentibus
979 1265 1012 1317 et
1022 1253 1185 1317 continuis
1193 1273 1298 1336 sump-

346 1358 445 1433 tibus,
474 1359 679 1442 amplissimae
708 1357 942 1420 exhauriuntur
977 1377 1069 1438 opes,
1097 1365 1131 1418 et
1158 1355 1298 1416 brevium

348 1460 564 1523 subtractione
588 1460 802 1534 minutiarum,
823 1458 964 1521 maxima
985 1457 1155 1520 haereditas
1178 1457 1298 1540 expila-

348 1575 412 1624 tur:
433 1561 497 1623 nisi
511 1554 589 1623 forte
605 1561 756 1645 prodigus
772 1561 945 1642 pecuniam
960 1560 1100 1622 inveniat
1113 1558 1293 1622 redivivam.

452 1676 500 1726 lut
510 1674 588 1727 luxus
599 1674 734 1746 populator
745 1692 832 1745 opum,
844 1674 887 1726 cui
899 1691 1001 1744 semper
1011 1671 1148 1726 adhaerens

454 1760 551 1813 Infelix
562 1761 654 1813 humili
665 1777 758 1828 gressu
769 1760 906 1812 comitatur
918 1763 1031 1826 egestas.

349 1865 419 1927 lllis
433 1886 508 1945 ergo
524 1863 718 1947 parcendum
731 1876 790 1941 est,
802 1884 936 1945 quorum
947 1861 1146 1925 necessarius
1155 1861 1299 1923 imminet

348 1987 436 2037 usus,
452 1976 483 2027 et
496 1964 616 2047 aliquid
632 1964 852 2048 adjiciendum
874 1972 923 2027 est
943 1964 1124 2046 quantitati,
1147 1985 1220 2046 quae
1230 1963 1299 2047 jugi

348 2066 484 2147 partium
500 2062 702 2129 deductione·
715 2066 880 2130 decrescit.
926 2067 971 2130 Et
983 2066 1061 2128 licet
1082 2086 1144 2127 usu
1160 2064 1300 2127 defluant

350 2163 485 2225 unicolae
502 2164 695 2245 patrimonii,
711 2177 834 2247 gratum
851 2178 898 2229 cst
913 2166 1059 2248 diligenti
1071 2165 1300 2248 patrifamilias,

349 2267 375 2326 si
391 2265 442 2325 vel
453 2264 612 2326 ratiocinii
629 2267 753 2328 calculo
770 2279 949 2343 teneantur,
963 2268 1110 2352 peritque
1122 2267 1301 2351 dupliciter,

349 2364 436 2447 quod
450 2365 586 2428 elabitur
600 2367 764 2430 nescienti.
811 2369 861 2430 Ad
876 2370 947 2432 haec

698 2503 763 2555 lucri
775 2504 858 2557 bonus
870 2512 911 2558 est
922 2505 984 2558 odor
995 2523 1030 2558 ex
1041 2525 1069 2559 re

455 2586 589 2650 Qualibet.
625 2588 678 2640 lile
690 2594 734 2641 tuo
747 2592 877 2643 sententie
888 2609 990 2662 semper
1000 2594 1026 2644 iu
1039 2609 1082 2645 ore

453 2673 591 2739 Versetur,
605 2675 664 2726 Diis
677 2680 755 2744 atque
767 2676 822 2746 ipso
835 2677 899 2729 Jove
911 2678 1001 2750 digna,
1010 2683 1108 2749 poetae:

453 2764 470 2791 “
485 2759 563 2810 Unde
574 2759 672 2811 habeat
684 2763 776 2829 quaerit
787 2779 873 2827 nemo,
886 2763 932 2815 sed
944 2769 1045 2834 oportet
1056 2765 1189 2818 haberet’

350 2900 388 2959 ln
412 2896 462 2959 his
485 2896 615 2981 quidem
639 2898 764 2975 versari,
788 2910 837 2961 est
861 2899 1004 2963 arctioris
1032 2901 1141 2983 gratiae
1172 2903 1298 2966 funibus

302 3027 307 3035 ·
350 2998 468 3062 vincire
496 2998 637 3074 divitem,
663 2997 741 3060 licet
763 3000 969 3065 versibilitate
995 3003 1118 3084 ingenii
1143 3005 1298 3069 lubricum

348 3101 463 3164 Protea
494 3101 606 3165 vincat.
653 3102 718 3163 Aut
746 3102 774 3164 si
804 3103 945 3166 veritatis
976 3104 1087 3168 deficit
1115 3107 1226 3188 gratia,
1252 3107 1298 3169 vel

348 3203 506 3266 ulterioris
529 3203 749 3267 familiaritatis
773 3203 931 3267 exhibitio
959 3217 1096 3270 constat.
1141 3208 1298 3271 Caeterum

348 3302 425 3364 licet
455 3315 623 3387 utrumque
645 3326 710 3367 non
732 3304 838 3387 possis
860 3306 997 3389 assequi,
1020 3316 1052 3369 et
1073 3328 1177 3370 rerum
1198 3309 1297 3392 priva·

348 3413 450 3464 tarum
466 3404 756 3485 participationem,
767 3415 798 3469 et
809 3408 924 3470 calculi
935 3409 1113 3484 cautiones,
1129 3421 1160 3474 te
1173 3412 1297 3475 secretis

348 3501 466 3582 ingere,
496 3502 606 3586 quavis
636 3516 711 3568 arte.
757 3508 806 3569 An
837 3508 944 3571 nescis
971 3511 1059 3593 quod
1085 3512 1143 3594 qui
1165 3523 1297 3595 pergunt

349 3602 430 3684 ipsis
447 3601 697 3685 Imperatoribus
711 3608 876 3690 imperare,

456 3723 527 3776 Scire
539 3726 627 3779 volunt
639 3733 740 3781 secreta
752 3729 852 3793 domus,
866 3735 945 3800 atque
957 3732 1018 3785 inde
1029 3734 1137 3787 timeri?

350 3837 395 3899 Et
425 3858 488 3920 quo
519 3838 693 3905 studiosius
723 3846 935 3923 occultantur,
958 3869 996 3910 eo
1019 3847 1206 3930 diligentius
1227 3859 1296 3912 sunt

348 3939 585 4022 perscrutanda.
632 3944 759 4028 Nempe

454 4059 536 4112 Carus
550 4061 599 4112 erit
612 4062 699 4128 Verri,
712 4066 755 4132 qui
768 4065 888 4135 Verrem,
901 4075 1015 4142 tempore
1028 4090 1079 4141 quo
1089 4073 1155 4139 vult,

455 4147 585 4199 Accusare
597 4153 691 4217 potest.

350 4260 383 4322 Si
401 4270 507 4325 tamen
523 4260 604 4324 inter
619 4264 719 4327 malos
741 4267 854 4331 caritas
869 4280 924 4332 aut
939 4271 1080 4337 amicitia
1094 4295 1165 4338 esse
1181 4282 1280 4357 potest
1286 4296 1294 4350 3
