3309 5309
208 656 278 710 ola.
294 644 385 723 xxa]
543 660 797 707 ronreasrrcus.
1099 654 1158 712 129

206 818 233 882 si
248 817 288 881 de
303 813 484 882 testimonio
498 812 628 878 dubitas
644 814 783 900 Spiritus
798 815 920 880 sancti?
958 819 1011 881 An
1029 818 1160 900 negabis

209 919 337 983 Esaiam
350 917 479 993 dixisse,
492 917 534 979 In
544 915 657 1002 spiritu
670 918 811 980 morieris
822 931 854 983 et
866 939 930 982 non
942 920 1045 985 vives?
1071 919 1160 984 Vixit

208 1035 314 1086 tamen
326 1032 357 1083 et
371 1042 432 1082 non
446 1031 589 1082 mortuus
600 1033 657 1092 est,
670 1016 802 1102 adjectis
817 1019 845 1082 ei
861 1020 950 1084 anuis
964 1021 1159 1106 quindecim,

208 1145 265 1210 per
280 1119 525 1186 misericordiam
541 1121 621 1204 ejus,
637 1119 691 1205 qui
709 1121 892 1185 futurorum
908 1133 1038 1188 eventus
1053 1122 1085 1186 in
1098 1146 1159 1187 sua

208 1225 316 1312 posuit
345 1234 513 1309 potestate.
556 1225 602 1286 Et
625 1221 716 1297 ,forte
746 1237 891 1300 mortem,
918 1248 1015 1310 quam
1045 1238 1161 1290 natura

210 1325 423 1411 vitaliumque
439 1324 585 1388 defectus
600 1324 812 1404 intentabant,
828 1326 904 1411 quia
918 1327 970 1390 ille
985 1350 1041 1412 per
1058 1329 1161 1414 poeni-

210 1431 342 1494 tentiam
366 1439 511 1491 mortuus
533 1440 581 1490 est
603 1427 634 1489 in
658 1426 764 1512 culpa,
787 1427 919 1491 ulterior
939 1430 1160 1494 comminantis

209 1530 271 1595 Dei
301 1529 466 1594 absorbuit
496 1528 720 1592 misericordia.
782 1529 897 1594 Achab
926 1554 1055 1616 quoque
1085 1533 1160 1597 Rex

207 1632 425 1718 impiissimus,
445 1654 544 1718 quum
565 1631 698 1694 Jezahel
721 1646 863 1695 nontam
886 1633 1046 1718 conjugio,
1062 1657 1160 1721 quam

208 1733 397 1799 crudelitate
418 1735 600 1819 conjuncta,
616 1754 714 1819 quum
732 1733 854 1798 vineam
871 1735 972 1799 sancti
996 1736 1159 1800 Nabuthae

207 1860 320 1901 cruore
330 1835 529 1923 possedisset,
539 1848 673 1900 mortem
683 1835 1161 1922 imminentem,praenunciante

208 1939 361 2015 Domino,
377 1938 592 2024 exspectabat.
639 1938 671 2000 Si
688 1937 766 2002 mihi
781 1961 844 2002 non
861 1938 976 2019 credis,
987 1939 1076 2024 quod
1092 1962 1161 2003 eam

209 2045 300 2106 Deus
319 2040 387 2126 ipse
404 2041 681 2126 praenunciaverit,
697 2040 772 2105 audi
797 2041 935 2105 Heliam.
982 2042 1039 2105 Ait
1055 2041 1158 2105 enim:

209 2145 292 2208 Haec
301 2143 379 2208 dicit
390 2143 561 2209 Dominus:
580 2143 732 2208 Occidisti
746 2157 778 2207 et
790 2142 969 2230 possedisti.
994 2144 1157 2231 Itemque:

210 2246 249 2309 ln
271 2269 338 2332 quo
357 2244 426 2308 loco
445 2245 605 2309 linxerunt
630 2269 721 2309 canes
744 2246 931 2329 sanguinem
951 2246 1093 2326 Nabotb,
1114 2247 1160 2312 ibi

208 2347 332 2431 lingent
351 2346 536 2432 sanguinem
558 2360 663 2424 tuum,
678 2361 710 2412 et
731 2347 865 2412 «Iezabel
887 2371 980 2412 canes
993 2349 1160 2414 comedent

208 2459 281 2513 ante
290 2472 398 2513 muros
407 2449 543 2514 Jezrael.
568 2450 660 2527 Quod
673 2450 924 2536 quumaudisset
934 2451 1055 2526 Achab,
1065 2450 1160 2516 scidit

208 2551 396 2617 vestimenta
409 2574 477 2628 sua,
494 2564 526 2616 et
541 2554 647 2637 posuit
666 2574 791 2616 saccum
810 2574 906 2636 super
919 2574 1044 2615 carnem
1061 2575 1161 2627 suam,

202 2654 428 2740 jejunavitque
452 2669 484 2717 et
511 2651 663 2716 dormivit
687 2653 719 2715 iu
744 2651 858 2715 cilicio.
905 2653 1089 2738 Factusque
1112 2668 1161 2718 est

207 2775 311 2819 termo
328 2755 459 2821 Domini
478 2754 518 2818 ad
537 2753 662 2817 Heliam
680 2753 806 2818 dicens:
840 2753 924 2828 Quia
942 2754 1098 2818 reveritus
1112 2769 1161 2821 est

208 2857 325 2921 Achab
344 2857 456 2921 faciem
478 2878 593 2931 meam,
607 2873 670 2919 nou
691 2853 841 2921 inducam
862 2855 980 2919 malum
998 2856 1031 2918 iu
1047 2854 1163 2920 diebus

207 2957 287 3043 ejus.
333 2957 417 3020 Ecce
432 2978 528 3041 poena
542 2975 616 3039 quae
634 2956 811 3020 debebatur
828 2956 955 3032 Achab,
969 2956 1047 3043 quia
1060 2956 1163 3040 poeni-

207 3062 341 3124 tentiam
354 3061 431 3139 egit,
444 3056 591 3120 differtur
602 3058 635 3119 in
648 3070 801 3142 posteros,
811 3071 844 3121 et
858 3057 987 3122 Jezabel
999 3058 1032 3121 in
1045 3056 1160 3120 scelere

206 3179 413 3247 perseverans
432 3157 581 3244 praesenti
592 3158 716 3243 judicio
733 3157 973 3225 condemnatur.
1019 3159 1094 3222 Una
1109 3181 1160 3221 ea-

205 3261 345 3346 demque
375 3257 439 3324 fuit
470 3260 635 3334 sententia,
666 3280 737 3345 quae
767 3262 951 3346 sanguinem
983 3260 1097 3325 Achab
1126 3274 1158 3325 et

206 3363 341 3427 «lezabel
370 3362 503 3426 canibus
533 3363 725 3447 exponebat.
769 3366 814 3427 Et
845 3376 949 3426 tamen
978 3388 1038 3451 pro
1066 3375 1158 3450 parte

207 3479 365 3542 mutatur,
381 3478 412 3529 et
428 3487 487 3551 pro
510 3479 601 3551 parte
617 3479 722 3529 manet
739 3463 918 3538 immobilis,
935 3479 1062 3531 auctore
1078 3480 1157 3531 tem-

206 3590 322 3654 porum
352 3568 396 3630 sic
422 3566 528 3631 omnia
553 3567 765 3653 dispensante.
811 3569 864 3634 Sic
888 3580 920 3632 et
947 3568 1111 3645 Ninivitae,
1138 3593 1158 3632 a

207 3669 356 3755 praesenti
374 3668 502 3733 excidio
525 3669 661 3747 liberati,
684 3671 813 3735 Domini
827 3670 944 3734 flexere
959 3674 1158 3748 sententiam,

206 3795 246 3834 ex
261 3770 366 3835 edicto
381 3773 464 3855 regis
479 3782 510 3834 et
526 3773 721 3858 principum,
736 3785 866 3857 agentes
884 3773 1101 3858 poenitentiam
1117 3775 1159 3838 ad

205 3873 462 3958 praedicationem
485 3875 588 3936 donae.
634 3875 801 3962 Numquid
822 3875 881 3940 tibi
905 3875 1034 3940 videtur
1057 3879 1160 3940 verior

205 3989 238 4040 et
253 3976 378 4040 fidelior
399 3976 554 4042 sententia
576 3977 668 4041 Jovis
688 3990 719 4041 et
743 3980 870 4059 Martis,
887 4003 980 4066 quam
1005 3982 1160 4044 sententia

205 4079 376 4142 creatoris?
417 4079 488 4142 Non
512 4079 623 4166 utique
646 4080 752 4146 Plauti
776 4082 905 4146 consilio
927 4081 1117 4164 acquiesces,
1134 4080 1160 4141 si

205 4180 291 4244 istud
316 4179 434 4246 virium
456 4181 592 4269 planetis
607 4182 821 4270 adscripseris.
868 4186 974 4260 Quum
996 4182 1077 4243 enim
1103 4183 1162 4264 Sy-

206 4281 366 4368 cophanta
394 4284 647 4368 Mandrogerum
674 4294 946 4368 percunctaretur,
968 4305 1008 4343 an
1031 4281 1076 4345 illi
1100 4282 1161 4344 sint

253 4404 326 4449 von.
345 4405 396 4449 111.
681 4407 702 4449 u
