<?xml version="1.0" encoding="UTF-8"?>
<!DOCTYPE html PUBLIC "-//W3C//DTD XHTML 1.0 Transitional//EN"
    "http://www.w3.org/TR/xhtml1/DTD/xhtml1-transitional.dtd">
<html xmlns="http://www.w3.org/1999/xhtml" xml:lang="en" lang="en">
 <head>
  <title>
</title>
<meta http-equiv="Content-Type" content="text/html;charset=utf-8" />
  <meta name='ocr-system' content='tesseract 3.04.00' />
  <meta name='ocr-capabilities' content='ocr_page ocr_carea ocr_par ocr_line ocrx_word'/>
</head>
<body>
  <div class='ocr_page' id='page_1' title='image "./joannissaresber04johngoog_0264.png"; bbox 0 0 3309 5309; ppageno 0'>
   <div class='ocr_carea' id='block_1_1' title="bbox 344 666 1295 745">
    <p class='ocr_par' dir='ltr' id='par_1_1' title="bbox 344 666 1295 745">
     <span class='ocr_line' id='line_1_1' title="bbox 344 666 1295 745; baseline 0 -18"><span class='ocrx_word' id='word_1_1' title='bbox 344 671 409 729; x_wconf 68' lang='lat'><strong>248</strong></span> <span class='ocrx_word' id='word_1_2' title='bbox 603 685 740 729; x_wconf 77' lang='lat' dir='ltr'><strong>rasurus</strong></span> <span class='ocrx_word' id='word_1_3' title='bbox 756 685 1035 730; x_wconf 81' lang='lat' dir='ltr'><strong>ssausunrususrs</strong></span> <span class='ocrx_word' id='word_1_4' title='bbox 1157 666 1240 745; x_wconf 81' lang='lat' dir='ltr'><strong>[nra.</strong></span> <span class='ocrx_word' id='word_1_5' title='bbox 1256 684 1295 727; x_wconf 86' lang='lat' dir='ltr'><strong>rv.</strong></span> 
     </span>
    </p>
   </div>
   <div class='ocr_carea' id='block_1_2' title="bbox 308 834 1304 3341">
    <p class='ocr_par' dir='ltr' id='par_1_2' title="bbox 308 834 1304 3341">
     <span class='ocr_line' id='line_1_2' title="bbox 347 834 1297 919; baseline -0.005 -20"><span class='ocrx_word' id='word_1_6' title='bbox 347 837 429 901; x_wconf 88' lang='lat' dir='ltr'><strong>iuter</strong></span> <span class='ocrx_word' id='word_1_7' title='bbox 452 834 668 919; x_wconf 90' lang='lat' dir='ltr'><strong>vapulandum</strong></span> <span class='ocrx_word' id='word_1_8' title='bbox 685 836 752 919; x_wconf 91' lang='lat' dir='ltr'><strong>jam</strong></span> <span class='ocrx_word' id='word_1_9' title='bbox 780 856 842 897; x_wconf 92' lang='lat' dir='ltr'><strong>uon</strong></span> <span class='ocrx_word' id='word_1_10' title='bbox 866 834 1080 919; x_wconf 81' lang='lat' dir='ltr'><strong>querimonias</strong></span> <span class='ocrx_word' id='word_1_11' title='bbox 1104 845 1136 898; x_wconf 89' lang='lat' dir='ltr'><strong>et</strong></span> <span class='ocrx_word' id='word_1_12' title='bbox 1162 835 1297 917; x_wconf 83' lang='lat' dir='ltr'><strong>gemitus</strong></span> 
     </span>
     <span class='ocr_line' id='line_1_3' title="bbox 346 933 1296 1023; baseline -0.005 -23"><span class='ocrx_word' id='word_1_13' title='bbox 346 939 560 1023; x_wconf 88' lang='lat' dir='ltr'><strong>ejulatusque,</strong></span> <span class='ocrx_word' id='word_1_14' title='bbox 582 936 635 1000; x_wconf 90' lang='lat' dir='ltr'><strong>sed</strong></span> <span class='ocrx_word' id='word_1_15' title='bbox 653 937 750 1000; x_wconf 88' lang='lat' dir='ltr'><strong>verba</strong></span> <span class='ocrx_word' id='word_1_16' title='bbox 770 936 862 1012; x_wconf 89' lang='lat' dir='ltr'><strong>seria,</strong></span> <span class='ocrx_word' id='word_1_17' title='bbox 884 950 916 999; x_wconf 91' lang='lat' dir='ltr'><strong>et</strong></span> <span class='ocrx_word' id='word_1_18' title='bbox 938 935 1160 1021; x_wconf 83' lang='lat' dir='ltr'><strong>objurgatoria</strong></span> <span class='ocrx_word' id='word_1_19' title='bbox 1176 933 1296 1020; x_wconf 86' lang='lat' dir='ltr'><strong>jacula-</strong></span> 
     </span>
     <span class='ocr_line' id='line_1_4' title="bbox 347 1033 1298 1118; baseline -0.007 -17"><span class='ocrx_word' id='word_1_20' title='bbox 347 1039 452 1101; x_wconf 83' lang='lat' dir='ltr'><strong>batur.</strong></span> <span class='ocrx_word' id='word_1_21' title='bbox 484 1037 551 1099; x_wconf 95' lang='lat' dir='ltr'><strong>Nec</strong></span> <span class='ocrx_word' id='word_1_22' title='bbox 562 1036 608 1099; x_wconf 89' lang='lat' dir='ltr'><strong>ita</strong></span> <span class='ocrx_word' id='word_1_23' title='bbox 618 1058 650 1098; x_wconf 87' lang='lat' dir='ltr'><strong>se</strong></span> <span class='ocrx_word' id='word_1_24' title='bbox 661 1035 777 1098; x_wconf 88' lang='lat' dir='ltr'><strong>habere</strong></span> <span class='ocrx_word' id='word_1_25' title='bbox 789 1034 1009 1107; x_wconf 82' lang='lat' dir='ltr'><strong>Plutarchum,</strong></span> <span class='ocrx_word' id='word_1_26' title='bbox 1021 1047 1058 1099; x_wconf 89' lang='lat' dir='ltr'><strong>ut</strong></span> <span class='ocrx_word' id='word_1_27' title='bbox 1069 1033 1298 1118; x_wconf 82' lang='lat' dir='ltr'><strong>Philosophum</strong></span> 
     </span>
     <span class='ocr_line' id='line_1_5' title="bbox 308 1132 1301 1222; baseline -0.005 -22"><span class='ocrx_word' id='word_1_28' title='bbox 308 1211 311 1217; x_wconf 27' lang='grc' dir='ltr'>Ι</span> <span class='ocrx_word' id='word_1_29' title='bbox 348 1136 492 1201; x_wconf 78' lang='lat' dir='ltr'>deceret:</span> <span class='ocrx_word' id='word_1_30' title='bbox 517 1136 607 1200; x_wconf 85' lang='lat' dir='ltr'><strong>irasci</strong></span> <span class='ocrx_word' id='word_1_31' title='bbox 630 1149 723 1222; x_wconf 82' lang='lat' dir='ltr'><strong>turpe</strong></span> <span class='ocrx_word' id='word_1_32' title='bbox 738 1158 815 1215; x_wconf 89' lang='lat' dir='ltr'><strong>esse,</strong></span> <span class='ocrx_word' id='word_1_33' title='bbox 830 1135 859 1198; x_wconf 91' lang='lat' dir='ltr'><strong>ei</strong></span> <span class='ocrx_word' id='word_1_34' title='bbox 884 1134 1071 1220; x_wconf 77' lang='lat' dir='ltr'><strong>praesertim,</strong></span> <span class='ocrx_word' id='word_1_35' title='bbox 1088 1135 1146 1220; x_wconf 91' lang='lat' dir='ltr'><strong>qui</strong></span> <span class='ocrx_word' id='word_1_36' title='bbox 1164 1133 1206 1197; x_wconf 93' lang='lat' dir='ltr'><strong>de</strong></span> <span class='ocrx_word' id='word_1_37' title='bbox 1222 1132 1301 1196; x_wconf 86' lang='lat' dir='ltr'><strong>malo</strong></span> 
     </span>
     <span class='ocr_line' id='line_1_6' title="bbox 346 1233 1298 1323; baseline -0.005 -22"><span class='ocrx_word' id='word_1_38' title='bbox 346 1240 404 1302; x_wconf 90' lang='lat' dir='ltr'><strong>irae</strong></span> <span class='ocrx_word' id='word_1_39' title='bbox 433 1241 550 1323; x_wconf 84' lang='lat' dir='ltr'><strong>saepius</strong></span> <span class='ocrx_word' id='word_1_40' title='bbox 581 1236 815 1315; x_wconf 78' lang='lat' dir='ltr'><strong>dissertaverat,</strong></span> <span class='ocrx_word' id='word_1_41' title='bbox 842 1235 1025 1321; x_wconf 90' lang='lat' dir='ltr'><strong>librumque</strong></span> <span class='ocrx_word' id='word_1_42' title='bbox 1051 1233 1298 1322; x_wconf 90' lang='lat' dir='ltr'><strong>pulcherrimum</strong></span> 
     </span>
     <span class='ocr_line' id='line_1_7' title="bbox 347 1337 1296 1423; baseline -0.004 -21"><span class='ocrx_word' id='word_1_43' title='bbox 347 1340 514 1423; x_wconf 85' lang='lat' dir='ltr'><strong>scripserat</strong></span> <span class='ocrx_word' id='word_1_44' title='bbox 535 1340 574 1402; x_wconf 89' lang='lat' dir='ltr'><strong>de</strong></span> <span class='ocrx_word' id='word_1_45' title='bbox 594 1337 761 1403; x_wconf 83' lang='lat' dir='ltr'><strong>Patientia.</strong></span> <span class='ocrx_word' id='word_1_46' title='bbox 810 1337 991 1423; x_wconf 84' lang='lat' dir='ltr'><strong>Adjiciebat</strong></span> <span class='ocrx_word' id='word_1_47' title='bbox 1011 1360 1078 1401; x_wconf 90' lang='lat' dir='ltr'><strong>esse</strong></span> <span class='ocrx_word' id='word_1_48' title='bbox 1098 1337 1296 1423; x_wconf 90' lang='lat' dir='ltr'><strong>probrosum,</strong></span> 
     </span>
     <span class='ocr_line' id='line_1_8' title="bbox 348 1436 1299 1524; baseline -0.002 -22"><span class='ocrx_word' id='word_1_49' title='bbox 348 1439 435 1524; x_wconf 92' lang='lat' dir='ltr'><strong>quod</strong></span> <span class='ocrx_word' id='word_1_50' title='bbox 451 1439 628 1503; x_wconf 84' lang='lat' dir='ltr'><strong>doctrinam</strong></span> <span class='ocrx_word' id='word_1_51' title='bbox 651 1462 738 1503; x_wconf 91' lang='lat' dir='ltr'><strong>suam</strong></span> <span class='ocrx_word' id='word_1_52' title='bbox 763 1439 907 1502; x_wconf 90' lang='lat' dir='ltr'><strong>moribus</strong></span> <span class='ocrx_word' id='word_1_53' title='bbox 926 1438 1149 1524; x_wconf 84' lang='lat' dir='ltr'><strong>impugnabat,</strong></span> <span class='ocrx_word' id='word_1_54' title='bbox 1163 1461 1202 1500; x_wconf 92' lang='lat' dir='ltr'><strong>eo</strong></span> <span class='ocrx_word' id='word_1_55' title='bbox 1217 1436 1299 1523; x_wconf 92' lang='lat' dir='ltr'><strong>quod</strong></span> 
     </span>
     <span class='ocr_line' id='line_1_9' title="bbox 348 1536 1299 1624; baseline -0.006 -20"><span class='ocrx_word' id='word_1_56' title='bbox 348 1540 496 1604; x_wconf 90' lang='lat' dir='ltr'><strong>amentis</strong></span> <span class='ocrx_word' id='word_1_57' title='bbox 519 1540 703 1624; x_wconf 87' lang='lat' dir='ltr'><strong>integritate</strong></span> <span class='ocrx_word' id='word_1_58' title='bbox 724 1540 904 1624; x_wconf 87' lang='lat' dir='ltr'><strong>prolapsus,</strong></span> <span class='ocrx_word' id='word_1_59' title='bbox 919 1539 1039 1603; x_wconf 84' lang='lat' dir='ltr'><strong>effusus</strong></span> <span class='ocrx_word' id='word_1_60' title='bbox 1058 1552 1091 1602; x_wconf 89' lang='lat' dir='ltr'><strong>et</strong></span> <span class='ocrx_word' id='word_1_61' title='bbox 1111 1536 1299 1623; x_wconf 85' lang='lat' dir='ltr'><strong>provolutus</strong></span> 
     </span>
     <span class='ocr_line' id='line_1_10' title="bbox 350 1637 1300 1726; baseline -0.005 -21"><span class='ocrx_word' id='word_1_62' title='bbox 350 1642 381 1706; x_wconf 93' lang='lat' dir='ltr'><strong>iu</strong></span> <span class='ocrx_word' id='word_1_63' title='bbox 410 1641 499 1715; x_wconf 90' lang='lat' dir='ltr'><strong>iram,</strong></span> <span class='ocrx_word' id='word_1_64' title='bbox 525 1641 672 1726; x_wconf 89' lang='lat' dir='ltr'><strong>pluribus</strong></span> <span class='ocrx_word' id='word_1_65' title='bbox 698 1641 800 1726; x_wconf 86' lang='lat' dir='ltr'><strong>plagis</strong></span> <span class='ocrx_word' id='word_1_66' title='bbox 830 1640 1000 1704; x_wconf 90' lang='lat' dir='ltr'><strong>mulctaret</strong></span> <span class='ocrx_word' id='word_1_67' title='bbox 1026 1639 1202 1703; x_wconf 86' lang='lat' dir='ltr'><strong>innoxium.</strong></span> <span class='ocrx_word' id='word_1_68' title='bbox 1247 1637 1300 1700; x_wconf 91' lang='lat' dir='ltr'><strong>Ad</strong></span> 
     </span>
     <span class='ocr_line' id='line_1_11' title="bbox 350 1741 1303 1828; baseline -0.005 -21"><span class='ocrx_word' id='word_1_69' title='bbox 350 1745 418 1807; x_wconf 84' lang='lat' dir='ltr'><strong>haec</strong></span> <span class='ocrx_word' id='word_1_70' title='bbox 440 1743 645 1819; x_wconf 88' lang='lat' dir='ltr'><strong>Plutarchus,</strong></span> <span class='ocrx_word' id='word_1_71' title='bbox 661 1742 745 1807; x_wconf 89' lang='lat' dir='ltr'><strong>lente</strong></span> <span class='ocrx_word' id='word_1_72' title='bbox 766 1742 897 1828; x_wconf 90' lang='lat' dir='ltr'><strong>quidem</strong></span> <span class='ocrx_word' id='word_1_73' title='bbox 915 1754 947 1805; x_wconf 89' lang='lat' dir='ltr'><strong>et</strong></span> <span class='ocrx_word' id='word_1_74' title='bbox 964 1741 1086 1816; x_wconf 85' lang='lat' dir='ltr'><strong>leniter,</strong></span> <span class='ocrx_word' id='word_1_75' title='bbox 1102 1741 1157 1804; x_wconf 90' lang='lat' dir='ltr'><strong>sed</strong></span> <span class='ocrx_word' id='word_1_76' title='bbox 1182 1761 1303 1804; x_wconf 89' lang='lat' dir='ltr'><strong>summa</strong></span> 
     </span>
     <span class='ocr_line' id='line_1_12' title="bbox 350 1839 1302 1930; baseline -0.007 -21"><span class='ocrx_word' id='word_1_77' title='bbox 350 1869 421 1910; x_wconf 91' lang='lat' dir='ltr'><strong>cum</strong></span> <span class='ocrx_word' id='word_1_78' title='bbox 450 1844 619 1930; x_wconf 87' lang='lat' dir='ltr'><strong>gravitate,</strong></span> <span class='ocrx_word' id='word_1_79' title='bbox 647 1843 815 1928; x_wconf 90' lang='lat' dir='ltr'><strong>Numquid</strong></span> <span class='ocrx_word' id='word_1_80' title='bbox 848 1843 938 1928; x_wconf 92' lang='lat' dir='ltr'><strong>quod</strong></span> <span class='ocrx_word' id='word_1_81' title='bbox 966 1842 1099 1928; x_wconf 86' lang='lat' dir='ltr'><strong>vapulas</strong></span> <span class='ocrx_word' id='word_1_82' title='bbox 1127 1841 1186 1905; x_wconf 89' lang='lat' dir='ltr'><strong>tibi</strong></span> <span class='ocrx_word' id='word_1_83' title='bbox 1213 1839 1302 1903; x_wconf 89' lang='lat' dir='ltr'><strong>irasci</strong></span> 
     </span>
     <span class='ocr_line' id='line_1_13' title="bbox 350 1942 1299 2029; baseline -0.002 -22"><span class='ocrx_word' id='word_1_84' title='bbox 350 1946 484 2009; x_wconf 84' lang='lat' dir='ltr'><strong>videor?</strong></span> <span class='ocrx_word' id='word_1_85' title='bbox 509 1947 623 2010; x_wconf 90' lang='lat' dir='ltr'><strong>Est-ue</strong></span> <span class='ocrx_word' id='word_1_86' title='bbox 638 1946 686 2008; x_wconf 90' lang='lat' dir='ltr'><strong>ira</strong></span> <span class='ocrx_word' id='word_1_87' title='bbox 702 1968 771 2010; x_wconf 90' lang='lat' dir='ltr'><strong>mea</strong></span> <span class='ocrx_word' id='word_1_88' title='bbox 787 1946 812 2008; x_wconf 91' lang='lat' dir='ltr'><strong>si</strong></span> <span class='ocrx_word' id='word_1_89' title='bbox 828 1968 847 2007; x_wconf 90' lang='lat' dir='ltr'><strong>a</strong></span> <span class='ocrx_word' id='word_1_90' title='bbox 862 1967 912 2008; x_wconf 92' lang='lat' dir='ltr'><strong>me</strong></span> <span class='ocrx_word' id='word_1_91' title='bbox 927 1944 1072 2008; x_wconf 90' lang='lat' dir='ltr'><strong>debitum</strong></span> <span class='ocrx_word' id='word_1_92' title='bbox 1088 1942 1226 2029; x_wconf 86' lang='lat' dir='ltr'><strong>recipis?</strong></span> <span class='ocrx_word' id='word_1_93' title='bbox 1248 1944 1299 2006; x_wconf 83' lang='lat' dir='ltr'><strong>Ex</strong></span> 
     </span>
     <span class='ocr_line' id='line_1_14' title="bbox 350 2046 1302 2123; baseline -0.002 -15"><span class='ocrx_word' id='word_1_94' title='bbox 350 2046 484 2111; x_wconf 89' lang='lat' dir='ltr'><strong>vultune</strong></span> <span class='ocrx_word' id='word_1_95' title='bbox 506 2069 586 2123; x_wconf 92' lang='lat' dir='ltr'><strong>meo,</strong></span> <span class='ocrx_word' id='word_1_96' title='bbox 602 2069 641 2109; x_wconf 88' lang='lat' dir='ltr'><strong>an</strong></span> <span class='ocrx_word' id='word_1_97' title='bbox 665 2071 704 2110; x_wconf 90' lang='lat' dir='ltr'><strong>ex</strong></span> <span class='ocrx_word' id='word_1_98' title='bbox 722 2070 810 2121; x_wconf 91' lang='lat' dir='ltr'><strong>voce,</strong></span> <span class='ocrx_word' id='word_1_99' title='bbox 825 2068 865 2109; x_wconf 91' lang='lat' dir='ltr'><strong>an</strong></span> <span class='ocrx_word' id='word_1_100' title='bbox 888 2069 928 2109; x_wconf 86' lang='lat' dir='ltr'><strong>ex</strong></span> <span class='ocrx_word' id='word_1_101' title='bbox 951 2046 1066 2122; x_wconf 89' lang='lat' dir='ltr'><strong>colore,</strong></span> <span class='ocrx_word' id='word_1_102' title='bbox 1082 2067 1122 2108; x_wconf 92' lang='lat' dir='ltr'><strong>an</strong></span> <span class='ocrx_word' id='word_1_103' title='bbox 1145 2046 1240 2108; x_wconf 89' lang='lat' dir='ltr'><strong>etiam</strong></span> <span class='ocrx_word' id='word_1_104' title='bbox 1263 2066 1302 2106; x_wconf 85' lang='lat' dir='ltr'><strong>ex</strong></span> 
     </span>
     <span class='ocr_line' id='line_1_15' title="bbox 350 2146 1300 2233; baseline -0.004 -23"><span class='ocrx_word' id='word_1_105' title='bbox 350 2148 466 2224; x_wconf 84' lang='lat' dir='ltr'><strong>verbis,</strong></span> <span class='ocrx_word' id='word_1_106' title='bbox 489 2148 536 2211; x_wconf 88' lang='lat' dir='ltr'><strong>ira</strong></span> <span class='ocrx_word' id='word_1_107' title='bbox 558 2171 608 2211; x_wconf 93' lang='lat' dir='ltr'><strong>me</strong></span> <span class='ocrx_word' id='word_1_108' title='bbox 630 2162 818 2233; x_wconf 90' lang='lat' dir='ltr'><strong>corruptum</strong></span> <span class='ocrx_word' id='word_1_109' title='bbox 841 2146 992 2230; x_wconf 83' lang='lat' dir='ltr'><strong>intelligis</strong></span> <span class='ocrx_word' id='word_1_110' title='bbox 1014 2160 1071 2210; x_wconf 92' lang='lat' dir='ltr'><strong>aut</strong></span> <span class='ocrx_word' id='word_1_111' title='bbox 1093 2148 1300 2231; x_wconf 86' lang='lat' dir='ltr'><strong>correptum?</strong></span> 
     </span>
     <span class='ocr_line' id='line_1_16' title="bbox 351 2246 1302 2334; baseline -0.003 -23"><span class='ocrx_word' id='word_1_112' title='bbox 351 2248 433 2311; x_wconf 92' lang='lat' dir='ltr'><strong>Mihi</strong></span> <span class='ocrx_word' id='word_1_113' title='bbox 456 2246 584 2331; x_wconf 92' lang='lat' dir='ltr'><strong>quidem</strong></span> <span class='ocrx_word' id='word_1_114' title='bbox 607 2270 711 2332; x_wconf 90' lang='lat' dir='ltr'><strong>neque</strong></span> <span class='ocrx_word' id='word_1_115' title='bbox 732 2249 816 2311; x_wconf 92' lang='lat' dir='ltr'><strong>oculi</strong></span> <span class='ocrx_word' id='word_1_116' title='bbox 839 2248 952 2334; x_wconf 89' lang='lat' dir='ltr'><strong>opinor</strong></span> <span class='ocrx_word' id='word_1_117' title='bbox 976 2261 1078 2313; x_wconf 91' lang='lat' dir='ltr'><strong>truces</strong></span> <span class='ocrx_word' id='word_1_118' title='bbox 1098 2260 1185 2322; x_wconf 90' lang='lat' dir='ltr'><strong>sunt,</strong></span> <span class='ocrx_word' id='word_1_119' title='bbox 1201 2269 1302 2330; x_wconf 90' lang='lat' dir='ltr'><strong>neque</strong></span> 
     </span>
     <span class='ocr_line' id='line_1_17' title="bbox 350 2346 1303 2434; baseline -0.003 -23"><span class='ocrx_word' id='word_1_120' title='bbox 350 2369 386 2411; x_wconf 88' lang='lat' dir='ltr'><strong>os</strong></span> <span class='ocrx_word' id='word_1_121' title='bbox 401 2346 578 2417; x_wconf 80' lang='lat' dir='ltr'><strong>turbidum,</strong></span> <span class='ocrx_word' id='word_1_122' title='bbox 593 2368 696 2430; x_wconf 89' lang='lat' dir='ltr'><strong>neque</strong></span> <span class='ocrx_word' id='word_1_123' title='bbox 712 2347 848 2411; x_wconf 87' lang='lat' dir='ltr'><strong>inaniter</strong></span> <span class='ocrx_word' id='word_1_124' title='bbox 864 2350 978 2425; x_wconf 87' lang='lat' dir='ltr'><strong>clamo,</strong></span> <span class='ocrx_word' id='word_1_125' title='bbox 990 2371 1094 2433; x_wconf 89' lang='lat' dir='ltr'><strong>neque</strong></span> <span class='ocrx_word' id='word_1_126' title='bbox 1109 2348 1142 2411; x_wconf 92' lang='lat' dir='ltr'><strong>in</strong></span> <span class='ocrx_word' id='word_1_127' title='bbox 1159 2369 1303 2434; x_wconf 89' lang='lat' dir='ltr'><strong>spumam</strong></span> 
     </span>
     <span class='ocr_line' id='line_1_18' title="bbox 351 2446 1304 2536; baseline 0 -26"><span class='ocrx_word' id='word_1_128' title='bbox 351 2447 564 2531; x_wconf 86' lang='lat' dir='ltr'><strong>ruboremque</strong></span> <span class='ocrx_word' id='word_1_129' title='bbox 579 2446 731 2524; x_wconf 83' lang='lat' dir='ltr'><strong>fervesco,</strong></span> <span class='ocrx_word' id='word_1_130' title='bbox 748 2471 853 2536; x_wconf 91' lang='lat' dir='ltr'><strong>neque</strong></span> <span class='ocrx_word' id='word_1_131' title='bbox 875 2450 1027 2535; x_wconf 90' lang='lat' dir='ltr'><strong>pudenda</strong></span> <span class='ocrx_word' id='word_1_132' title='bbox 1046 2449 1118 2512; x_wconf 87' lang='lat' dir='ltr'><strong>dico</strong></span> <span class='ocrx_word' id='word_1_133' title='bbox 1133 2461 1191 2513; x_wconf 89' lang='lat' dir='ltr'><strong>aut</strong></span> <span class='ocrx_word' id='word_1_134' title='bbox 1206 2448 1304 2534; x_wconf 89' lang='lat' dir='ltr'><strong>poeni-</strong></span> 
     </span>
     <span class='ocr_line' id='line_1_19' title="bbox 352 2549 1302 2637; baseline 0 -25"><span class='ocrx_word' id='word_1_135' title='bbox 352 2549 457 2627; x_wconf 92' lang='lat' dir='ltr'><strong>tenda,</strong></span> <span class='ocrx_word' id='word_1_136' title='bbox 480 2572 584 2633; x_wconf 91' lang='lat' dir='ltr'><strong>neque</strong></span> <span class='ocrx_word' id='word_1_137' title='bbox 610 2552 738 2614; x_wconf 91' lang='lat' dir='ltr'><strong>omnino</strong></span> <span class='ocrx_word' id='word_1_138' title='bbox 761 2551 886 2637; x_wconf 90' lang='lat' dir='ltr'><strong>trepido</strong></span> <span class='ocrx_word' id='word_1_139' title='bbox 910 2555 957 2616; x_wconf 88' lang='lat' dir='ltr'><strong>ira</strong></span> <span class='ocrx_word' id='word_1_140' title='bbox 981 2567 1035 2616; x_wconf 93' lang='lat' dir='ltr'><strong>aut</strong></span> <span class='ocrx_word' id='word_1_141' title='bbox 1058 2554 1172 2636; x_wconf 86' lang='lat' dir='ltr'><strong>gestio.</strong></span> <span class='ocrx_word' id='word_1_142' title='bbox 1223 2551 1302 2613; x_wconf 78' lang='lat' dir='ltr'><strong>Haec</strong></span> 
     </span>
     <span class='ocr_line' id='line_1_20' title="bbox 350 2649 1302 2735; baseline -0.001 -22"><span class='ocrx_word' id='word_1_143' title='bbox 350 2649 456 2713; x_wconf 87' lang='lat' dir='ltr'><strong>omnia</strong></span> <span class='ocrx_word' id='word_1_144' title='bbox 471 2651 603 2735; x_wconf 88' lang='lat' dir='ltr'><strong>quippe,</strong></span> <span class='ocrx_word' id='word_1_145' title='bbox 618 2653 643 2713; x_wconf 87' lang='lat' dir='ltr'><strong>si</strong></span> <span class='ocrx_word' id='word_1_146' title='bbox 659 2650 770 2730; x_wconf 89' lang='lat' dir='ltr'><strong>nescis,</strong></span> <span class='ocrx_word' id='word_1_147' title='bbox 786 2650 877 2733; x_wconf 86' lang='lat' dir='ltr'><strong>signa</strong></span> <span class='ocrx_word' id='word_1_148' title='bbox 892 2650 1009 2714; x_wconf 90' lang='lat' dir='ltr'><strong>irarum</strong></span> <span class='ocrx_word' id='word_1_149' title='bbox 1026 2673 1092 2714; x_wconf 91' lang='lat' dir='ltr'><strong>esse</strong></span> <span class='ocrx_word' id='word_1_150' title='bbox 1108 2650 1221 2715; x_wconf 89' lang='lat' dir='ltr'><strong>solent.</strong></span> <span class='ocrx_word' id='word_1_151' title='bbox 1259 2651 1302 2712; x_wconf 90' lang='lat' dir='ltr'><strong>Et</strong></span> 
     </span>
     <span class='ocr_line' id='line_1_21' title="bbox 352 2750 1302 2837; baseline 0.001 -22"><span class='ocrx_word' id='word_1_152' title='bbox 352 2750 446 2816; x_wconf 89' lang='lat' dir='ltr'><strong>simul</strong></span> <span class='ocrx_word' id='word_1_153' title='bbox 461 2750 501 2814; x_wconf 91' lang='lat' dir='ltr'><strong>ad</strong></span> <span class='ocrx_word' id='word_1_154' title='bbox 516 2774 588 2816; x_wconf 89' lang='lat' dir='ltr'><strong>eum</strong></span> <span class='ocrx_word' id='word_1_155' title='bbox 605 2754 662 2836; x_wconf 94' lang='lat' dir='ltr'><strong>qui</strong></span> <span class='ocrx_word' id='word_1_156' title='bbox 675 2752 817 2816; x_wconf 74' lang='lat' dir='ltr'><strong>caedebat</strong></span> <span class='ocrx_word' id='word_1_157' title='bbox 829 2774 1009 2829; x_wconf 89' lang='lat' dir='ltr'><strong>conversus,</strong></span> <span class='ocrx_word' id='word_1_158' title='bbox 1024 2752 1157 2816; x_wconf 91' lang='lat' dir='ltr'><strong>Interim</strong></span> <span class='ocrx_word' id='word_1_159' title='bbox 1173 2751 1302 2837; x_wconf 88' lang='lat' dir='ltr'><strong>(inquit)</strong></span> 
     </span>
     <span class='ocr_line' id='line_1_22' title="bbox 351 2852 1302 2940; baseline 0 -25"><span class='ocrx_word' id='word_1_160' title='bbox 351 2852 428 2916; x_wconf 92' lang='lat' dir='ltr'><strong>dum</strong></span> <span class='ocrx_word' id='word_1_161' title='bbox 445 2876 505 2937; x_wconf 84' lang='lat' dir='ltr'><strong>ego</strong></span> <span class='ocrx_word' id='word_1_162' title='bbox 527 2866 624 2938; x_wconf 90' lang='lat' dir='ltr'><strong>atque</strong></span> <span class='ocrx_word' id='word_1_163' title='bbox 647 2853 698 2916; x_wconf 94' lang='lat' dir='ltr'><strong>hic</strong></span> <span class='ocrx_word' id='word_1_164' title='bbox 719 2853 930 2940; x_wconf 88' lang='lat' dir='ltr'><strong>disputamus,</strong></span> <span class='ocrx_word' id='word_1_165' title='bbox 948 2867 983 2918; x_wconf 92' lang='lat' dir='ltr'><strong>tu</strong></span> <span class='ocrx_word' id='word_1_166' title='bbox 1001 2854 1061 2917; x_wconf 92' lang='lat' dir='ltr'><strong>hoc</strong></span> <span class='ocrx_word' id='word_1_167' title='bbox 1083 2877 1163 2938; x_wconf 83' lang='lat' dir='ltr'><strong>age;</strong></span> <span class='ocrx_word' id='word_1_168' title='bbox 1192 2866 1223 2918; x_wconf 90' lang='lat' dir='ltr'><strong>et</strong></span> <span class='ocrx_word' id='word_1_169' title='bbox 1239 2853 1302 2917; x_wconf 91' lang='lat' dir='ltr'><strong>sine</strong></span> 
     </span>
     <span class='ocr_line' id='line_1_23' title="bbox 351 2953 1301 3035; baseline -0.002 -17"><span class='ocrx_word' id='word_1_170' title='bbox 351 2953 513 3018; x_wconf 89' lang='lat' dir='ltr'><strong>iracundia</strong></span> <span class='ocrx_word' id='word_1_171' title='bbox 529 2977 598 3019; x_wconf 90' lang='lat' dir='ltr'><strong>mea</strong></span> <span class='ocrx_word' id='word_1_172' title='bbox 622 2955 758 3019; x_wconf 90' lang='lat' dir='ltr'><strong>retunde</strong></span> <span class='ocrx_word' id='word_1_173' title='bbox 773 2956 917 3019; x_wconf 87' lang='lat' dir='ltr'><strong>servilem</strong></span> <span class='ocrx_word' id='word_1_174' title='bbox 941 2958 1186 3035; x_wconf 90' lang='lat' dir='ltr'><strong>contumaciam,</strong></span> <span class='ocrx_word' id='word_1_175' title='bbox 1200 2968 1231 3018; x_wconf 89' lang='lat' dir='ltr'><strong>et</strong></span> <span class='ocrx_word' id='word_1_176' title='bbox 1246 2954 1301 3017; x_wconf 91' lang='lat' dir='ltr'><strong>ini·</strong></span> 
     </span>
     <span class='ocr_line' id='line_1_24' title="bbox 351 3055 1303 3143; baseline -0.001 -24"><span class='ocrx_word' id='word_1_177' title='bbox 351 3078 451 3139; x_wconf 92' lang='lat' dir='ltr'><strong>quum</strong></span> <span class='ocrx_word' id='word_1_178' title='bbox 479 3057 633 3142; x_wconf 87' lang='lat' dir='ltr'><strong>poenitere</strong></span> <span class='ocrx_word' id='word_1_179' title='bbox 659 3056 772 3120; x_wconf 90' lang='lat' dir='ltr'><strong>doceas</strong></span> <span class='ocrx_word' id='word_1_180' title='bbox 799 3056 910 3141; x_wconf 88' lang='lat' dir='ltr'><strong>magis,</strong></span> <span class='ocrx_word' id='word_1_181' title='bbox 939 3079 1036 3143; x_wconf 89' lang='lat' dir='ltr'><strong>quam</strong></span> <span class='ocrx_word' id='word_1_182' title='bbox 1062 3058 1209 3143; x_wconf 86' lang='lat' dir='ltr'><strong>jurgare.</strong></span> <span class='ocrx_word' id='word_1_183' title='bbox 1254 3055 1303 3118; x_wconf 89' lang='lat' dir='ltr'><strong>Sic</strong></span> 
     </span>
     <span class='ocr_line' id='line_1_25' title="bbox 352 3155 1302 3241; baseline -0.004 -22"><span class='ocrx_word' id='word_1_184' title='bbox 352 3155 553 3220; x_wconf 89' lang='lat' dir='ltr'><strong>Plutarchus.</strong></span> <span class='ocrx_word' id='word_1_185' title='bbox 600 3158 638 3219; x_wconf 92' lang='lat' dir='ltr'><strong>In</strong></span> <span class='ocrx_word' id='word_1_186' title='bbox 655 3177 720 3241; x_wconf 93' lang='lat' dir='ltr'><strong>quo</strong></span> <span class='ocrx_word' id='word_1_187' title='bbox 736 3155 878 3219; x_wconf 90' lang='lat' dir='ltr'><strong>nonnihil</strong></span> <span class='ocrx_word' id='word_1_188' title='bbox 894 3155 1082 3220; x_wconf 90' lang='lat' dir='ltr'><strong>eruditionis</strong></span> <span class='ocrx_word' id='word_1_189' title='bbox 1096 3155 1242 3220; x_wconf 88' lang='lat' dir='ltr'><strong>relictum</strong></span> <span class='ocrx_word' id='word_1_190' title='bbox 1258 3166 1302 3216; x_wconf 90' lang='lat' dir='ltr'><strong>est</strong></span> 
     </span>
     <span class='ocr_line' id='line_1_26' title="bbox 352 3257 939 3341; baseline 0.003 -21"><span class='ocrx_word' id='word_1_191' title='bbox 352 3258 510 3335; x_wconf 91' lang='lat' dir='ltr'><strong>omnibus,</strong></span> <span class='ocrx_word' id='word_1_192' title='bbox 525 3257 582 3341; x_wconf 94' lang='lat' dir='ltr'><strong>qui</strong></span> <span class='ocrx_word' id='word_1_193' title='bbox 597 3260 629 3321; x_wconf 91' lang='lat' dir='ltr'><strong>in</strong></span> <span class='ocrx_word' id='word_1_194' title='bbox 645 3257 839 3321; x_wconf 90' lang='lat' dir='ltr'><strong>sublimitate</strong></span> <span class='ocrx_word' id='word_1_195' title='bbox 855 3271 939 3322; x_wconf 90' lang='lat' dir='ltr'><strong>suut.</strong></span> 
     </span>
    </p>
   </div>
   <div class='ocr_carea' id='block_1_3' title="bbox 352 3607 1304 3791">
    <p class='ocr_par' dir='ltr' id='par_1_3' title="bbox 352 3607 1304 3791">
     <span class='ocr_line' id='line_1_27' title="bbox 352 3607 1304 3690; baseline 0.003 -21"><span class='ocrx_word' id='word_1_196' title='bbox 352 3607 431 3690; x_wconf 89' lang='lat' dir='ltr'><strong>Cap.</strong></span> <span class='ocrx_word' id='word_1_197' title='bbox 449 3613 477 3669; x_wconf 87' lang='lat'><strong>9.</strong></span> <span class='ocrx_word' id='word_1_198' title='bbox 504 3608 593 3675; x_wconf 73' lang='lat' dir='ltr'><strong>Quid</strong></span> <span class='ocrx_word' id='word_1_199' title='bbox 606 3611 648 3672; x_wconf 84' lang='lat' dir='ltr'><strong>sr&#39;t</strong></span> <span class='ocrx_word' id='word_1_200' title='bbox 663 3610 824 3671; x_wconf 74' lang='lat' dir='ltr'><strong>declinare</strong></span> <span class='ocrx_word' id='word_1_201' title='bbox 839 3609 882 3670; x_wconf 84' lang='lat' dir='ltr'><strong>ud</strong></span> <span class='ocrx_word' id='word_1_202' title='bbox 902 3609 1047 3671; x_wconf 73' lang='lat' dir='ltr'><strong>deutrum</strong></span> <span class='ocrx_word' id='word_1_203' title='bbox 1063 3611 1114 3672; x_wconf 88' lang='lat' dir='ltr'><strong>vel</strong></span> <span class='ocrx_word' id='word_1_204' title='bbox 1127 3611 1304 3683; x_wconf 80' lang='lat' dir='ltr'><strong>sinistram,</strong></span> 
     </span>
     <span class='ocr_line' id='line_1_28' title="bbox 606 3709 1059 3791; baseline 0 -21"><span class='ocrx_word' id='word_1_205' title='bbox 606 3711 691 3789; x_wconf 83' lang='lat' dir='ltr'><strong>quod</strong></span> <span class='ocrx_word' id='word_1_206' title='bbox 702 3711 849 3791; x_wconf 81' lang='lat' dir='ltr'><strong>principi</strong></span> <span class='ocrx_word' id='word_1_207' title='bbox 864 3709 1059 3788; x_wconf 81' lang='lat' dir='ltr'><strong>prohibetur.</strong></span> 
     </span>
    </p>
   </div>
   <div class='ocr_carea' id='block_1_4' title="bbox 354 3863 1304 4349">
    <p class='ocr_par' dir='ltr' id='par_1_4' title="bbox 354 3863 1304 4349">
     <span class='ocr_line' id='line_1_29' title="bbox 396 3863 1303 3946; baseline 0.003 -21"><span class='ocrx_word' id='word_1_208' title='bbox 396 3865 588 3930; x_wconf 76' lang='lat' dir='ltr'><strong>snorum:</strong></span> <span class='ocrx_word' id='word_1_209' title='bbox 614 3867 727 3946; x_wconf 90' lang='lat' dir='ltr'><strong>Neque</strong></span> <span class='ocrx_word' id='word_1_210' title='bbox 742 3863 879 3926; x_wconf 88' lang='lat' dir='ltr'><strong>declinet</strong></span> <span class='ocrx_word' id='word_1_211' title='bbox 893 3863 926 3925; x_wconf 92' lang='lat' dir='ltr'><strong>iu</strong></span> <span class='ocrx_word' id='word_1_212' title='bbox 943 3877 1067 3946; x_wconf 91' lang='lat' dir='ltr'><strong>partem</strong></span> <span class='ocrx_word' id='word_1_213' title='bbox 1085 3865 1244 3943; x_wconf 86' lang='lat' dir='ltr'><strong>dextram,</strong></span> <span class='ocrx_word' id='word_1_214' title='bbox 1256 3865 1303 3929; x_wconf 91' lang='lat' dir='ltr'><strong>vel</strong></span> 
     </span>
     <span class='ocr_line' id='line_1_30' title="bbox 354 3962 1304 4053; baseline 0 -25"><span class='ocrx_word' id='word_1_215' title='bbox 354 3963 521 4028; x_wconf 86' lang='lat' dir='ltr'><strong>sinistram.</strong></span> <span class='ocrx_word' id='word_1_216' title='bbox 569 3962 622 4025; x_wconf 92' lang='lat' dir='ltr'><strong>Ad</strong></span> <span class='ocrx_word' id='word_1_217' title='bbox 636 3962 782 4026; x_wconf 83' lang='lat' dir='ltr'><strong>dextram</strong></span> <span class='ocrx_word' id='word_1_218' title='bbox 797 3963 955 4026; x_wconf 87' lang='lat' dir='ltr'><strong>declinare</strong></span> <span class='ocrx_word' id='word_1_219' title='bbox 971 3977 1030 4043; x_wconf 91' lang='lat' dir='ltr'><strong>est,</strong></span> <span class='ocrx_word' id='word_1_220' title='bbox 1041 3964 1219 4032; x_wconf 82' lang='lat' dir='ltr'><strong>virtutibus</strong></span> <span class='ocrx_word' id='word_1_221' title='bbox 1232 3967 1304 4053; x_wconf 92' lang='lat' dir='ltr'><strong>ipsis</strong></span> 
     </span>
     <span class='ocr_line' id='line_1_31' title="bbox 356 4063 1302 4142; baseline 0.001 -15"><span class='ocrx_word' id='word_1_222' title='bbox 356 4067 556 4130; x_wconf 89' lang='lat' dir='ltr'><strong>vehementer</strong></span> <span class='ocrx_word' id='word_1_223' title='bbox 578 4063 731 4127; x_wconf 88' lang='lat' dir='ltr'><strong>insistere.</strong></span> <span class='ocrx_word' id='word_1_224' title='bbox 777 4065 826 4128; x_wconf 92' lang='lat' dir='ltr'><strong>Ad</strong></span> <span class='ocrx_word' id='word_1_225' title='bbox 849 4065 996 4129; x_wconf 87' lang='lat' dir='ltr'><strong>dextram</strong></span> <span class='ocrx_word' id='word_1_226' title='bbox 1020 4065 1180 4131; x_wconf 87' lang='lat' dir='ltr'><strong>declinare</strong></span> <span class='ocrx_word' id='word_1_227' title='bbox 1200 4068 1302 4142; x_wconf 90' lang='lat' dir='ltr'><strong>est,in</strong></span> 
     </span>
     <span class='ocr_line' id='line_1_32' title="bbox 354 4165 1302 4249; baseline -0.002 -17"><span class='ocrx_word' id='word_1_228' title='bbox 354 4170 482 4233; x_wconf 89' lang='lat' dir='ltr'><strong>virtutis</strong></span> <span class='ocrx_word' id='word_1_229' title='bbox 503 4165 652 4249; x_wconf 89' lang='lat' dir='ltr'><strong>operibus</strong></span> <span class='ocrx_word' id='word_1_230' title='bbox 674 4187 747 4249; x_wconf 86' lang='lat' dir='ltr'><strong>quae</strong></span> <span class='ocrx_word' id='word_1_231' title='bbox 769 4165 801 4227; x_wconf 94' lang='lat' dir='ltr'><strong>in</strong></span> <span class='ocrx_word' id='word_1_232' title='bbox 826 4167 921 4229; x_wconf 93' lang='lat' dir='ltr'><strong>modo</strong></span> <span class='ocrx_word' id='word_1_233' title='bbox 936 4167 1090 4247; x_wconf 88' lang='lat' dir='ltr'><strong>consistit,</strong></span> <span class='ocrx_word' id='word_1_234' title='bbox 1106 4168 1239 4233; x_wconf 92' lang='lat' dir='ltr'><strong>modum</strong></span> <span class='ocrx_word' id='word_1_235' title='bbox 1252 4191 1302 4230; x_wconf 85' lang='lat' dir='ltr'><strong>ex·</strong></span> 
     </span>
     <span class='ocr_line' id='line_1_33' title="bbox 355 4266 1303 4349; baseline -0.002 -17"><span class='ocrx_word' id='word_1_236' title='bbox 355 4271 475 4339; x_wconf 85' lang='lat' dir='ltr'><strong>cedere.</strong></span> <span class='ocrx_word' id='word_1_237' title='bbox 521 4266 632 4331; x_wconf 91' lang='lat' dir='ltr'><strong>Omnis</strong></span> <span class='ocrx_word' id='word_1_238' title='bbox 648 4289 723 4330; x_wconf 89' lang='lat' dir='ltr'><strong>vero</strong></span> <span class='ocrx_word' id='word_1_239' title='bbox 738 4266 936 4330; x_wconf 89' lang='lat' dir='ltr'><strong>vehementia</strong></span> <span class='ocrx_word' id='word_1_240' title='bbox 951 4269 1046 4331; x_wconf 91' lang='lat' dir='ltr'><strong>saluti</strong></span> <span class='ocrx_word' id='word_1_241' title='bbox 1061 4268 1191 4333; x_wconf 89' lang='lat' dir='ltr'><strong>inimica</strong></span> <span class='ocrx_word' id='word_1_242' title='bbox 1200 4286 1262 4349; x_wconf 87' lang='lat' dir='ltr'><strong>est,</strong></span> <span class='ocrx_word' id='word_1_243' title='bbox 1275 4280 1303 4330; x_wconf 90' lang='lat' dir='ltr'><strong>et</strong></span> 
     </span>
    </p>
   </div>
   <div class='ocr_carea' id='block_1_5' title="bbox 0 0 1670 5309">
    <p class='ocr_par' dir='ltr' id='par_1_5' title="bbox 0 0 1670 5309">
     <span class='ocr_line' id='line_1_34' title="bbox 0 0 1670 5309; baseline 0 0"><span class='ocrx_word' id='word_1_244' title='bbox 0 0 1670 5309; x_wconf 95' lang='lat' dir='ltr'><strong> </strong></span> 
     </span>
    </p>
   </div>
  </div>
 </body>
</html>
