3309 5309
344 683 413 728 can.
428 665 493 744 xa]
690 680 943 730 rotxonamcns.
1230 676 1293 733 258

344 832 452 896 orbis?
481 833 620 897 Divitias
636 856 696 896 non
713 836 877 910 habemus,
895 855 1031 918 quarum
1046 835 1223 921 cupiditate
1238 862 1296 903 nos

345 932 461 997 debeas
476 957 671 1020 expugnare,
687 935 828 999 omnium
852 935 936 999 bona
953 936 1102 999 omnihus
1117 940 1296 1002 communia

296 1025 298 1029 ¹
346 1048 428 1099 sunt.
475 1036 559 1098 Esca
581 1050 629 1100 est
652 1022 828 1121 nobia'pro
855 1035 987 1111 divitiis,
1013 1059 1072 1121 pro
1098 1037 1239 1102 cultibus
1264 1054 1296 1104 et

347 1156 437 1211 auro,
452 1135 524 1199 vilis
538 1152 571 1199 et
585 1159 657 1200 rara
672 1136 778 1201 restis.
823 1137 965 1199 Feminae
979 1150 1086 1200 antem
1103 1151 1219 1203 nostrae
1233 1162 1297 1203 nou

347 1248 514 1312 ornantur,
530 1251 566 1301 ut
585 1237 750 1322 placeaut;
774 1259 869 1322 quem
890 1236 1020 1320 quidem
1041 1252 1297 1305 ornamentorum

348 1332 483 1408 cultum,
499 1334 606 1420 potius
620 1335 708 1399 oneri
723 1335 892 1420 deputant,
904 1357 999 1419 quam
1012 1334 1127 1404 decori.
1168 1341 1297 1403 Etenim

349 1433 492 1499 nesciunt
526 1439 558 1499 in
589 1435 735 1520 augenda
765 1435 1008 1522 pulchritudine
1037 1437 1110 1521 plus
1139 1439 1297 1515 affectare,

350 1556 448 1618 quam
464 1535 552 1620 quod
574 1548 658 1599 natae
680 1549 760 1600 sunt.
806 1540 907 1599 Antra
926 1534 1017 1597 nobis
1031 1534 1188 1619 duplicem
1206 1563 1299 1603 usum
1354 1567 1356 1570 ’

350 1647 516 1718 praestant‚
531 1649 750 1721 tegumentum
770 1637 804 1698 in
826 1636 902 1714 vita,
917 1638 948 1698 in
972 1648 1073 1698 morte
1092 1638 1300 1722 sepulturam.

351 1733 475 1818 Regem
492 1736 655 1816 habemus,
669 1759 731 1800 non
754 1758 813 1821 pro
832 1735 973 1820 justitia,
988 1734 1043 1798 sed
1065 1758 1123 1818 pro
1138 1738 1301 1805 nobilitate

352 1837 577 1904 conservanda.
621 1841 723 1916 Quem
749 1837 832 1900 enim
858 1841 964 1901 locum
990 1837 1118 1901 haberet
1150 1837 1302 1916 vindicta,

354 1935 409 2000 ubi
427 1938 515 2001 nulla
530 1938 565 2003 fit
580 1938 761 2023 injustitia?
796 1938 858 2003 His
874 1937 978 2000 verbis
992 1950 1097 2002 motus
1113 1938 1303 2017 Alexander,

355 2035 474 2100 nullam
497 2052 587 2103 ratus
609 2039 783 2114 victoriam,
807 2038 832 2100 si
855 2059 963 2102 eorum
986 2059 1094 2122 pacem
1118 2051 1303 2123 perpetuam

357 2135 515 2212 turbaret,
530 2139 562 2202 in
578 2139 686 2224 quiete
708 2161 767 2202 sua
781 2137 910 2201 dimisit.
957 2139 1002 2201 Et
1017 2138 1098 2202 forte
1114 2139 1139 2201 si
1154 2162 1207 2203 eos
1223 2139 1305 2204 bello

357 2234 472 2300 fuisset
487 2260 666 2323 aggressus,
682 2239 809 2302 minime
823 2237 1042 2324 praevaluisset
1056 2239 1208 2304 adversus
1218 2243 1306 2305 inno-

358 2349 474 2418 centes,
495 2363 533 2402 eo
555 2341 641 2424 quod
664 2340 843 2403 innocentia
866 2363 928 2402 non
954 2340 1046 2403 facile
1072 2353 1251 2425 superatur,
1274 2330 1306 2405 et

360 2440 478 2504 veritas
500 2441 565 2505 suis
584 2442 704 2506 viribus
724 2454 883 2516 constans,
904 2442 944 2503 de
965 2441 1078 2504 militia
1100 2443 1308 2524 quantumvis

360 2551 482 2604 armata
505 2541 692 2628 triumphat.
737 2541 800 2607 Sed
822 2541 898 2625 quia
921 2537 1001 2601 nihil
1024 2552 1071 2600 est
1097 2540 1185 2622 quod
1207 2541 1308 2624 magis

361 2636 540 2705 desiderent
563 2642 715 2717 homines,
739 2663 834 2726 quam
857 2650 893 2701 ut
916 2637 948 2699 in
975 2636 1066 2699 bonis
1088 2636 1151 2699 suis
1172 2636 1310 2702 habeant

363 2737 444 2803 filios
459 2764 661 2815 successores,
680 2743 787 2825 utqui
806 2737 964 2823 propriam
981 2759 1019 2798 ex
1036 2735 1215 2799 conditione
1230 2759 1311 2822 prae-

363 2838 473 2904 vident
494 2855 639 2916 mortem,
661 2843 693 2904 in
717 2838 892 2924 propagine
911 2837 1014 2901 carnis
1033 2859 1099 2901 suae
1122 2850 1310 2923 perpetuent

362 2937 472 3003 vitam.
519 2944 590 3002 Hoc
611 2937 808 3023 principibus
827 2950 874 3001 est
897 2936 1099 3021 promissum,
1120 2936 1205 2999 unde
1223 2958 1312 2999 max·

363 3036 426 3102 ime
447 3050 580 3121 possunt
602 3039 642 3101 ad
663 3038 784 3103 cultum
802 3036 939 3122 justitiae
960 3037 1100 3100 invitari.
1146 3035 1312 3120 Contingit

362 3137 447 3201 enim
464 3138 588 3223 eosqui
603 3140 643 3201 de
659 3161 691 3202 se
705 3139 783 3223 ipsis
798 3138 899 3200 securi
919 3148 1005 3216 sunt,
1019 3136 1059 3199 de
1075 3148 1160 3199 statu
1176 3135 1311 3198 filiorum

359 3239 485 3322 jugiter
514 3262 580 3302 esse
606 3239 765 3303 sollicitos.
819 3240 859 3301 In
887 3258 988 3321 eoque
1014 3236 1146 3299 nimium
1173 3236 1314 3300 caritatis

366 3338 446 3403 ordo
471 3353 625 3414 servatur,
641 3340 728 3425 quod
750 3361 899 3419 amorem,
920 3337 976 3422 qui
997 3336 1109 3422 patriae
1129 3336 1315 3421 parentibus

370 3439 532 3523 praecipue
554 3440 742 3517 debebatur,
759 3452 850 3525 pater
865 3437 1059 3502 transfundit
1079 3436 1110 3498 in
1132 3436 1224 3512 filios,
1240 3437 1315 3502 dum

368 3538 474 3602 filialis
489 3539 621 3604 affectus
635 3540 757 3627 paterni
774 3542 910 3625 pectoris
925 3537 1035 3600 cellam
1052 3534 1138 3599 solus
1157 3537 1316 3602 exhaurit.

372 3638 540 3723 Condigna
567 3664 695 3725 quoque
721 3640 788 3702 rice
818 3636 1008 3723 respondent
1039 3636 1224 3720 parentibus
1249 3638 1319 3716 filii,

370 3740 506 3804 cundem
524 3743 589 3806 suis
610 3742 828 3828 impartientes
848 3739 1008 3809 affectum,
1024 3759 1087 3821 quo
1102 3739 1320 3821 aparentibus

371 3840 493 3927 accepti
514 3856 600 3924 sunt,
614 3842 687 3906 licet
707 3840 805 3905 alium
820 3840 962 3903 ordinem
980 3837 1087 3921 exigat
1106 3837 1220 3903 caritas
1234 3839 1320 3902 ordi·

374 3955 564 4027 nata,que1n
578 3956 742 4027 poetarum
759 3939 959 4005 doctissimus
972 3937 1145 4023 prudenter
1156 3939 1320 4022 expressit.

375 4046 486 4108 Senem
502 4054 641 4129 namque
656 4043 815 4108 Anchisen
833 4056 941 4105 eversa
956 4039 1053 4125 Troja
1068 4039 1099 4101 in
1116 4037 1255 4100 humeris
1277 4037 1321 4118 pii

376 4147 433 4211 filii
444 4146 620 4224 collocarit,
632 4147 773 4232 parentis
785 4147 899 4208 AEneae
913 4143 1057 4206 dextram
1074 4139 1163 4202 dedit
1179 4137 1323 4214 Ascanio,

374 4255 413 4312 et‘
428 4251 542 4313 marito
564 4251 679 4332 conjux
697 4250 816 4312 Creusa
836 4240 977 4317 cohaesit,
993 4235 1240 4303 antecedentium
1265 4258 1323 4317 pro
