3309 5309
348 685 417 732 car.
433 669 511 745 vra]
715 681 968 732 ronrcasrlcos.
1237 677 1301 738 287

348 835 478 901 demum
495 848 580 902 recte
595 833 776 922 procedere,
785 857 886 921 quum
897 847 996 922 caput
1007 837 1077 923 ejus
1092 860 1124 902 se
1139 840 1220 906 utile
1234 865 1302 908 esse

348 938 521 1023 cognoscit,
537 936 597 1002 nisi
611 934 747 1002 fideliter
765 936 916 1002 membris
930 938 1096 1005 cohaereat.
1141 943 1225 1008 Haec
1239 943 1304 1022 ille,

350 1052 382 1105 et
397 1039 529 1126 quidem
546 1039 708 1123 eleganter
722 1049 755 1102 et
777 1060 860 1105 rere.
907 1040 981 1120 Sed,
1003 1057 1040 1107 ut
1062 1041 1140 1107 mihi
1162 1044 1302 1125 videtur,

348 1143 540 1208 cohaerentia
553 1141 656 1206 fidelis
668 1154 700 1206 et
715 1140 806 1205 firma
817 1164 884 1206 esse
899 1165 962 1207 non
973 1156 1093 1230 potest,
1106 1146 1162 1212 ubi
1176 1169 1239 1212 non
1254 1161 1303 1214 est

348 1244 426 1307 unio
446 1256 541 1308 tenax
565 1243 777 1318 voluntatum,
794 1255 825 1308 et
849 1245 941 1330 quasi
961 1246 1103 1331 ipsarum
1125 1249 1304 1315 animarum

349 1345 591 1432 conglutinatio.
624 1343 708 1419 Quae
723 1345 746 1409 si
763 1345 914 1424 deluerit,
927 1345 1091 1412 hominum
1105 1350 1229 1416 frustra
1243 1352 1305 1417 sibi

348 1459 529 1531 congruunt
538 1469 646 1532 opera,
658 1469 756 1533 quum
767 1445 861 1512 dolus
871 1447 905 1510 in
914 1448 1083 1533 perniciem
1098 1465 1222 1538 pergat,
1237 1454 1305 1518 sine

348 1546 465 1612 affectu
505 1545 700 1633 proficiendi.
757 1545 976 1623 Simulatores,
1011 1547 1118 1633 inquit
1158 1551 1236 1632 Job,
1271 1564 1304 1617 et

348 1648 455 1715 callidi
471 1661 644 1736 provocant
664 1647 742 1712 iram
765 1648 838 1729 Dei,
859 1670 964 1733 neque
986 1647 1182 1727 clamabunt,
1201 1674 1303 1738 quum

349 1752 448 1817 vincti
462 1752 592 1817 fuerint.
637 1749 797 1815 Morietur
812 1749 843 1813 in
862 1762 1049 1836 tempestate
1064 1750 1169 1815 anima
1182 1775 1305 1834 eorum,

348 1866 381 1919 et
403 1853 469 1919 vita
490 1876 599 1919 eorum
621 1853 705 1918 inter
722 1853 940 1917 effoeminatos·
983 1852 1145 1941 Operibus
1166 1876 1304 1940 namque

348 1979 473 2021 causam
498 1969 630 2042 praestat
657 1977 740 2020 nunc
762 1950 880 2041 pudor,
903 1956 999 2019 timor
1021 1955 1194 2022 interdum.
1240 1956 1304 2022 Sed

346 2058 500 2142 junctura
525 2056 579 2121 illa
603 2055 791 2121 solidissima
817 2068 876 2135 est,
898 2079 972 2142 quae
995 2078 1035 2120 ex
1058 2056 1152 2142 adipe
1173 2056 1248 2123 fidei
1269 2070 1303 2122 et

348 2158 526 2225 dilectionis
551 2158 707 2245 procedit,
730 2171 763 2223 et
787 2158 821 2222 in
849 2157 916 2222 solo
942 2158 1071 2224 virtutis
1092 2158 1304 2226 fundamento

349 2259 501 2324 subsistit.
537 2260 644 2346 Opera
658 2271 764 2324 tamen
780 2259 857 2345 quia
871 2281 996 2326 morum
1010 2273 1200 2346 argumenta
1214 2271 1302 2338 sunt,

349 2363 484 2443 gratiam
500 2361 639 2447 pariunt,
655 2360 733 2447 quia
747 2360 827 2424 nihil
847 2361 973 2439 utilius,
988 2360 1067 2426 nihil
1082 2360 1241 2427 efficacius
1254 2373 1303 2427 est

347 2462 389 2527 ad
401 2475 519 2528 statum
532 2463 790 2548 magistratuum,
800 2476 833 2527 et
848 2486 1040 2547 processum.
1073 2463 1153 2528 Inde
1163 2476 1210 2528 est
1221 2462 1304 2529 illud

349 2566 569 2651 Imperatoris,
585 2579 641 2632 aut
658 2564 694 2643 (si
710 2565 821 2645 mavis)
838 2564 1062 2629 versificatoris
1076 2566 1207 2648 egregii,
1223 2564 1302 2628 dum

347 2679 454 2733 tamen
470 2668 555 2734 idern
571 2691 625 2732 eos
640 2664 771 2730 sensisse
786 2687 850 2729 non
865 2666 1019 2750 ambigas.

454 2819 496 2871 Sis
507 2819 565 2889 pius
575 2815 701 2886 inprimis,
713 2831 774 2866 nam
785 2830 865 2881 quum
876 2813 1006 2865 vincamur
1017 2812 1045 2863 in
1057 2812 1127 2863 omni

452 2905 573 2966 Munere,
584 2899 640 2952 sola
651 2899 723 2952 Deos
735 2904 821 2968 oequat
831 2898 971 2951 clementia
981 2897 1065 2950 nobis.

452 2988 479 3038 N
482 3005 515 3039 eu
527 2985 604 3038 dubie
616 2989 748 3055 suspectus
759 3001 834 3051 agas,
845 3001 897 3036 neu
909 2982 989 3036 falens
1000 2983 1100 3045 amicis,

454 3073 631 3124 Rumorumve
642 3070 744 3122 avidus:
763 3071 807 3139 qni
819 3068 884 3122 talia
895 3076 976 3135 curat,
988 3070 1081 3121 inanes

452 3157 579 3210 Horrebit
590 3157 722 3227 strepitus,
734 3154 806 3208 nulla
817 3172 869 3207 non
880 3156 975 3208 anxius
985 3154 1057 3206 hora.

452 3244 513 3296 Non
526 3244 563 3296 sic
575 3242 703 3307 excubiae,
715 3259 764 3295 nec
776 3241 970 3294 circumstantia
981 3240 1045 3312 pila,

451 3330 539 3393 Quam
550 3333 648 3382 tutatur
659 3345 745 3391 amor;
766 3345 818 3380 non
831 3326 998 3396 extorquebis
1010 3326 1102 3378 amari:

452 3416 512 3469 Hoc
524 3416 625 3469 alterna
635 3414 712 3480 fides,
724 3415 773 3467 hoc
784 3413 897 3485 simplex
908 3415 994 3482 gratia
1006 3413 1094 3465 donat.

346 3560 641 3646 Alexanderquum
650 3559 765 3645 hyeme
774 3557 895 3623 ducens
903 3556 1249 3633 exercitum,resideret
1260 3560 1301 3625 ad

345 3661 463 3746 ignem,
472 3682 693 3744 recognoscere
707 3670 936 3743 praetereuntes
947 3659 1054 3743 copias
1063 3655 1171 3743 coepit‚
1186 3681 1303 3743 quum-

345 3784 411 3847 que
425 3761 638 3848 conspexisset
653 3760 813 3845 quendam
831 3780 930 3845 prope
941 3760 1157 3822 exanimatum
1172 3759 1302 3846 frigore,

340 3863 439 3949 jussit
450 3885 522 3928 eum
534 3862 642 3927 sedere
651 3861 682 3926 in
693 3861 762 3925 loco
772 3884 841 3941 suo,
850 3861 977 3925 dicens:
1002 3859 1036 3924 Si
1048 3860 1081 3924 in
1092 3861 1197 3926 Persis
1206 3876 1302 3931 natus

345 3987 439 4040 esses,
463 3967 496 4029 in
522 3964 610 4049 regia
634 3963 711 4028 sella
736 3962 888 4027 resedisse
914 3961 1050 4048 capitale
1071 3962 1165 4043 foret,
1187 3963 1241 4028 sed
1267 3967 1301 4029 in

347 4065 537 4129 Macedonia
545 4078 621 4130 nato
631 4064 825 4129 conceditur.
854 4065 971 4130 Fertur
983 4076 1014 4128 et
1026 4063 1113 4127 aliud
1125 4063 1165 4125 de
1177 4064 1299 4131 eodem.

346 4162 1302 4252 Quodquumvirgoeximiaepulchritudinis,finitimaegentis

345 4266 481 4351 principi
496 4267 695 4353 desponsata,
708 4266 790 4332 inter
805 4265 948 4350 captivas
961 4263 1070 4327 adesse
1085 4260 1301 4345 nunciaretur,
