3309 5309
367 676 428 736 190
620 690 758 734 soaruus
773 687 1056 733 sanasnnruausrs
1169 667 1251 746 [mn.
1267 686 1319 730 ur.

367 842 520 926 Scipione
537 843 687 906 Africano
703 841 826 925 aliquid
847 862 913 904 non
928 837 1061 903 inferius
1076 837 1250 912 invenitur,
1264 837 1319 919 qui

363 955 437 1027 post
461 942 653 1023 singularem
677 942 718 1006 de
740 942 926 1005 Hannibale
948 940 1125 1017 victoriam,
1146 938 1315 1019 singularis

363 1044 571 1106 continentia
596 1044 720 1126 insigne
744 1043 942 1127 praeconium
968 1041 1092 1104 meruit.
1149 1038 1315 1103 Hannibal

362 1138 501 1229 namqu'e
516 1146 733 1208 Romanorum
754 1143 873 1209 cecidit
892 1143 1068 1206 exercitum
1084 1164 1187 1225 usque
1203 1140 1244 1204 ad
1260 1140 1314 1202 ho·

363 1247 457 1309 stium
481 1247 667 1324 satietatem,
688 1257 720 1309 et
742 1246 846 1308 donec
867 1245 1057 1328 praeciperet
1077 1244 1172 1307 militi
1191 1263 1260 1316 suo,
1279 1253 1313 1304 ut

363 1349 412 1410 rol
427 1347 508 1409 ferro
529 1356 682 1429 parceret.
728 1349 778 1410 De
799 1368 956 1411 caesorum
978 1345 1187 1410 cadaveribus
1203 1345 1236 1407 in
1252 1353 1313 1407 tor-

362 1460 450 1512 rente
464 1450 613 1530 Vergello
633 1471 716 1533 pons
737 1448 860 1512 solidus
879 1449 982 1512 factus
1001 1458 1051 1511 est
1065 1448 1193 1511 victoris
1210 1445 1312 1529 jussu.

362 1550 437 1612 Duo
452 1550 551 1612 modii
567 1552 757 1614 annulorum
773 1549 1002 1630 Carthaginem
1024 1547 1112 1610 missi
1128 1558 1213 1625 sunt,
1227 1545 1312 1609 unde

360 1653 498 1715 Martem
529 1674 620 1716 suum
653 1653 764 1735 Libyae
795 1650 962 1734 praesidem
994 1670 1088 1713 aureo
1118 1650 1247 1732 clypeo,
1272 1648 1311 1709 ob

360 1751 517 1833 insignem
539 1752 715 1824 victoriam,
736 1751 916 1827 honoraret,
931 1760 1079 1832 essetque
1101 1747 1311 1832 proculdubio

361 1860 437 1915 tunc
467 1855 573 1916 Roma
602 1852 688 1914 diem
718 1851 866 1914 ultimum
897 1850 1053 1928 habiturn,
1078 1849 1104 1911 si
1136 1849 1310 1925 Hannibal,

360 1953 628 2036 quemadmodum
644 1954 781 2031 vincere,
796 1953 842 2015 sic
859 1961 891 2015 et
906 1953 1038 2016 victoria
1052 1951 1097 2015 uti
1121 1951 1228 2014 sciret.
1272 1953 1309 2014 In

359 2053 534 2117 vindictam
555 2055 687 2117 istorum
710 2076 729 2116 a
752 2065 865 2117 senatu
886 2053 1003 2115 missus
1025 2062 1073 2116 est
1096 2052 1207 2133 Scipio
1229 2052 1308 2115 asri-

359 2175 470 2229 canus,
484 2156 538 2239 qui
550 2178 570 2218 a
581 2157 733 2236 Pyreneis
745 2156 907 2219 montibus
919 2155 958 2218 ad
971 2157 1137 2218 columnas
1150 2155 1308 2232 Herculis,

358 2265 391 2318 et
412 2258 578 2319 Oceanum
596 2277 698 2339 usque
718 2267 808 2320 tanta
830 2258 983 2321 felicitate
1000 2256 1199 2340 provinciam
1220 2276 1309 2319 recu·

358 2356 482 2439 paravit
511 2357 672 2430 amissam,
699 2368 733 2420 ut
758 2357 814 2420 rix
841 2359 969 2436 sciatur,
994 2357 1089 2420 citius
1118 2378 1159 2420 an
1186 2357 1309 2420 facilius

358 2457 478 2521 vicerit.
516 2458 580 2530 Qui
595 2458 689 2521 etiam
707 2460 850 2541 captivos
862 2480 978 2542 pueros
993 2468 1024 2521 et
1040 2460 1161 2540 puellas
1175 2457 1307 2539 egregia

356 2558 614 2641 pulchritudinis,
633 2560 770 2623 restituit
786 2560 940 2638 barbaria,
960 2581 1021 2623 nec
1043 2560 1078 2621 in
1101 2569 1308 2641 conspectum

356 2678 459 2734 suum,
474 2679 583 2722 eorum
599 2659 781 2741 quempiam
794 2660 899 2722 venire
915 2680 1029 2744 passus
1045 2669 1102 2737 est,
1118 2679 1159 2721 ne
1175 2657 1252 2742 quid
1268 2656 1306 2720 de

355 2757 544 2838 virginitatis
566 2758 758 2839 integritate,
781 2760 893 2822 saltem
917 2760 1018 2823 oculis
1040 2758 1201 2823 delibasse
1220 2757 1305 2820 vide·

354 2870 447 2921 retur.
493 2858 636 2933 Qualiter
657 2860 686 2923 ei
708 2860 876 2923 Hannibal
898 2860 1040 2939 cesserit,
1055 2870 1087 2922 et
1105 2859 1303 2922 manifestam

355 2958 520 3023 victoriam
536 2970 612 3023 nota
626 2961 658 3022 in
675 2962 775 3045 puppi
797 2963 943 3043 praetoria
962 2963 1071 3024 laurus
1087 2960 1303 3044 polliceretur,

354 3061 489 3145 scriptor
512 3061 589 3125 belli
610 3062 727 3125 Punici
748 3063 840 3125 Titus
864 3062 975 3126 Livius
995 3063 1097 3126 resen.
1143 3062 1303 3125 Caeterum

351 3161 383 3223 in
399 3163 479 3226 tanti
494 3162 644 3242 triumphi
666 3162 777 3244 gloria,
793 3163 870 3247 quid
892 3162 948 3226 illo
965 3163 1032 3226 cire
1048 3162 1235 3240 modestius,
1249 3161 1303 3244 qui

352 3284 385 3326 se
400 3263 435 3325 in
450 3273 539 3326 tanto
556 3284 718 3342 successu,
733 3285 794 3328 nec
816 3265 992 3341 dominum,
1007 3286 1068 3328 nec
1083 3265 1247 3341 victorem,
1261 3264 1300 3326 ab

351 3363 474 3447 aliqu03
494 3363 558 3425 nisi
567 3366 608 3427 ab
621 3365 816 3439 Hannibale,
828 3367 1003 3450 paucisque
1013 3367 1240 3449 complicibus,
1249 3364 1301 3448 qui

351 3462 1299 3548 aequasconditionespacis,ruptofoedere,fraudulenterab·

345 3561 503 3644 jecerant,
519 3584 633 3646 passus
648 3577 696 3626 est
711 3565 862 3628 salutari?
896 3567 966 3629 Eos
982 3588 1121 3650 quoque,
1137 3567 1194 3649 qui
1210 3566 1300 3629 casti-

350 3662 412 3741 gati
436 3683 500 3725 non
528 3665 793 3748 obtemperabant
814 3667 1014 3749 prohibentis
1038 3668 1186 3751 imperio,
1211 3666 1300 3750 quasi

348 3761 539 3825 adulationis
554 3786 633 3841 reos,
646 3774 678 3828 et
689 3767 828 3845 publicae
842 3768 954 3831 salutis
970 3769 1091 3838 hostes,
1102 3768 1143 3830 ab
1159 3767 1300 3829 exercitu

347 3862 500 3922 removeri
517 3862 633 3945 jussit3
659 3885 759 3946 quum
776 3875 881 3928 tamen
899 3888 1001 3946 genus
1018 3866 1201 3928 AEneadum
1215 3866 1298 3929 banc

347 3960 518 4023 molliciem
532 3963 653 4024 aurium
670 3965 811 4027 nondum
825 3968 959 4043 exuerit,
970 3968 1047 4050 quin
1059 3967 1297 4030 adulationibus

347 4062 553 4125 delectentur.
600 4062 704 4136 Quum
721 4086 793 4127 vero
810 4068 850 4129 ab
871 4066 963 4129 initio
979 4067 1158 4147 gravissimi
1173 4067 1295 4142 suerint,

344 4163 378 4224 in
390 4185 454 4246 quo
463 4162 612 4246 Trojanae
622 4164 757 4226 levitatis
770 4166 926 4246 originem
940 4167 1102 4249 praecipue
1114 4167 1296 4239 diffitentur,

346 4285 401 4326 eos
415 4265 477 4328 hoc
495 4264 569 4329 vitio
587 4264 737 4329 continue
757 4267 930 4345 laborasse,
945 4267 1146 4330 historiarum
1171 4268 1294 4331 celebre
