3309 5309
346 699 419 744 our.
436 680 475 760 n]
697 697 951 742 mnrcmrrcns.
1237 686 1297 746 163

346 849 463 934 ligunt,
485 847 562 934 quia
590 848 623 910 in
653 846 700 911 eis
727 847 800 911 fons
828 846 990 929 bonitatis,
1017 857 1052 912 et
1080 848 1220 914 caritatis
1240 862 1297 914 est.

347 950 464 1018 Omnis
490 949 609 1014 etenim
631 949 729 1014 virtus
750 949 896 1034 angelica
911 961 946 1014 et
968 950 1118 1028 humana,
1137 953 1299 1038 quoddam

346 1053 521 1119 divinitatis
535 1051 704 1136 vestigium
723 1062 781 1128 est,
803 1051 948 1116 rationali
969 1065 1123 1117 creaturae
1143 1055 1301 1140 quodam·

345 1157 442 1221 modo
450 1155 652 1241 impressum.
672 1154 807 1241 Spiritus
817 1154 1135 1221 sanctusinhabitans
1143 1158 1300 1243 imprimit

345 1259 464 1324 animae
487 1256 701 1336 sanctitatem,
726 1256 936 1344 ejusdemque
958 1257 1074 1322 rivulos
1091 1259 1299 1324 multifariam

310 1350 321 1359 ³
343 1359 476 1446 spargit,
506 1357 702 1423 diversarum
730 1379 884 1422 exercens
903 1358 1093 1423 charismata
1113 1359 1297 1445 gratiarum.

348 1463 392 1528 Et
406 1463 477 1527 lroee
491 1461 571 1527 milri
593 1460 719 1526 videtur
732 1481 818 1538 vera,
834 1473 868 1524 et
882 1461 977 1525 unica
997 1461 1199 1528 incolumitas
1213 1463 1300 1545 vitae,

345 1588 447 1654 quum
456 1587 558 1647 mens,
567 1563 748 1629 vivificante
757 1563 880 1649 spiritu,
890 1564 932 1629 ad
941 1586 1047 1628 rernm
1057 1565 1203 1630 notitiam
1212 1566 1301 1632 illus-

345 1681 458 1745 tratur,
474 1679 507 1733 et
521 1666 707 1732 accenditur
720 1666 762 1730 ad
776 1687 919 1731 amorem
934 1666 1162 1745 honestatis,et
1176 1674 1299 1734 cultum

346 1771 481 1836 vimutis.
526 1769 688 1836 Praecedit
701 1791 778 1853 ergo
792 1768 925 1834 scientia
940 1767 1065 1833 virtutis
1076 1770 1210 1845 cultum,
1225 1770 1301 1857 quia

348 1894 444 1938 nemo
455 1871 877 1959 potestfideliterappetere‚
889 1871 975 1957 quod
987 1871 1123 1955 ignorat,
1134 1880 1168 1936 et
1177 1871 1300 1937 malum

349 1974 409 2040 nisi
424 1973 587 2059 cognitum
600 1973 650 2049 sit,
663 1973 785 2036 utiliter
797 1994 862 2036 non
879 1984 1016 2038 cavetur.
1044 1972 1142 2037 Porro
1156 1973 1300 2038 seientioe

348 2074 1301 2162 thesaurusnobisduobusmodisexponitur:quumautrati-

347 2179 417 2244 onis
432 2177 592 2254 exercitio,
602 2177 688 2264 quod
699 2174 771 2241 seiri
780 2185 886 2263 potest
896 2176 1077 2242 intellectus
1085 2177 1225 2243 invenit:
1241 2190 1299 2243 aut

348 2280 435 2368 quod
446 2278 666 2344 absconditum
682 2289 731 2342 est
745 2277 889 2343 revelans
914 2278 1017 2362 gratia
1030 2279 1131 2344 oculis
1152 2279 1300 2365 ingerens

349 2381 510 2470 patefacit.
533 2380 587 2449 Sic
598 2378 710 2468 utique
721 2390 777 2444 aut
787 2401 846 2466 per
857 2392 1015 2460 naturam,
1028 2394 1084 2445 aut
1098 2382 1300 2467 pergratiam

346 2483 391 2548 ed
400 2480 538 2548 veritatis
544 2480 750 2566 agnitionem,
761 2490 794 2544 et
801 2479 967 2545 scientiam
976 2503 1098 2560 eorum,
1111 2505 1302 2569 quaeneces·

347 2584 431 2650 saris
440 2593 523 2663 sunt,
534 2583 750 2671 unusquisque
762 2584 1035 2669 potestaccedere.
1061 2582 1222 2671 Quodque
1232 2607 1302 2650 ma·

346 2687 534 2774 gismirere‚
545 2687 681 2774 quilibet
689 2685 779 2773 quasi
789 2685 951 2772 quendam
961 2685 1079 2749 librum
1089 2686 1302 2770 sciendorum,

348 2789 452 2855 officio
465 2789 595 2854 mtionis
610 2803 768 2875 apertum,
791 2785 875 2872 gerit
889 2787 921 2850 in
943 2788 1050 2851 corde.
1095 2787 1135 2852 ln
1150 2810 1215 2874 qno
1237 2810 1302 2853 non

348 2891 446 2958 modo
466 2890 639 2956 visibilium
662 2889 793 2976 species,
817 2911 988 2976 rerumque
1018 2890 1162 2956 omnium
1189 2900 1303 2956 natura

347 2991 543 3081 depingitur,
560 2992 616 3056 sed
636 2991 734 3077 ipsius
756 2990 879 3078 opificis
893 2991 1038 3056 omnium
1053 2991 1224 3058 invisibilia
1239 2994 1303 3057 Dei

346 3096 451 3182 digito
474 3092 725 3158 conscribuntur.
771 3092 865 3156 Adeo
887 3092 1018 3178 quidem
1040 3103 1077 3156 ut
1098 3114 1302 3180 nequaquam

347 3199 479 3266 valeant
506 3216 564 3280 per
586 3193 798 3278 ignorantiam
824 3193 978 3277 excusari,
1003 3193 1120 3280 quibus
1145 3195 1302 3261 beneficio

349 3311 484 3379 naturae,
514 3295 565 3361 vel
592 3294 715 3380 gratiae,
744 3296 959 3380 gerendorum
996 3295 1093 3362 series
1121 3296 1300 3365 innotescit.

351 3401 443 3466 Sient
457 3399 609 3486 scriptum
630 3410 695 3463 est:
719 3398 816 3474 Quod
832 3398 918 3462 enim
935 3409 1046 3463 notum
1070 3409 1120 3465 est
1135 3401 1210 3479 Dei,
1232 3424 1300 3467 ma·
1392 3389 1396 3396 ⁵

349 3504 499 3569 nifestum
512 3512 560 3566 est
574 3501 608 3565 in
622 3500 694 3566 illis.
740 3501 831 3565 Deus
842 3501 928 3565 enim
944 3500 1096 3567 revelavit
1107 3501 1179 3570 illis.
1226 3503 1300 3569 Non

348 3617 457 3672 tamen
480 3614 637 3690 eorruptae
660 3614 781 3670 naturas
803 3604 953 3669 adversus
975 3605 1109 3689 gratiam
1131 3607 1301 3690 magnifico

349 3705 502 3788 fimbrias,
523 3718 579 3772 aut
599 3705 745 3792 phaleras
764 3705 863 3791 erigo,
882 3705 972 3792 quasi
994 3706 1063 3792 ipsa
1084 3706 1204 3794 aliquid
1224 3710 1301 3775 boni

349 3809 467 3874 habeat
481 3808 568 3894 quod
578 3829 641 3872 non
658 3808 830 3893 acceperit3
846 3830 946 3895 quum
963 3819 1085 3874 certum
1097 3809 1138 3874 sit
1149 3810 1301 3898 quiasine

349 3933 389 3976 ea
410 3909 490 3974 nihil
515 3932 681 3996 possumus
703 3910 817 3975 faeere.
864 3911 995 3996 Agnitio
1024 3913 1122 3998 igitur
1150 3913 1301 3991 veritatis,

350 4011 517 4098 cultusque
540 4010 675 4086 virtutis,
697 4011 826 4097 publica
848 4012 1056 4098 singulorum,
1086 4026 1120 4079 et
1146 4012 1300 4090 omnium,

349 4122 383 4175 et
397 4109 558 4175 rationalis
573 4128 706 4188 naturae,
718 4111 902 4178 universalis
913 4113 1114 4180 incolumitas
1125 4121 1182 4176 est.
1216 4111 1303 4174 Con-

349 4212 483 4279 trarium
509 4235 583 4278 vero
607 4217 677 4301 ejus
702 4214 891 4298 ignorantia,
916 4225 950 4279 et
971 4214 1097 4281 odibilis
1119 4221 1154 4275 et
1174 4208 1305 4277 inimica

350 4337 491 4403 propago
506 4315 586 4400 ejus,
595 4314 708 4381 vitium
723 4327 780 4380 est.
819 4319 866 4380 Et
879 4326 966 4379 recte
981 4315 1113 4402 quidem
1128 4312 1310 4395 ignorantia

796 4424 860 4479 nt
1134 4428 1137 4434 ’
