3309 5309
471 639 533 700 340
614 653 749 700 Joaums
766 650 1046 697 saansnsumusrs
1063 648 1320 695 Ponrcnamcus.

473 805 515 869 ad
530 807 645 871 ostium
662 805 869 870 contemtoris
885 802 1040 867 studiosiu
1050 803 1205 885 spulsant.
1239 797 1336 871 Quod
1349 799 1421 861 bea·

473 917 524 969 tus
543 908 709 989 Eugenius
729 927 860 969 munera
879 905 1005 968 cautius
1026 904 1188 983 abigebat,
1204 901 1246 965 ad
1267 921 1342 963 eum
1364 921 1420 961 un-

472 1008 568 1092 dique
594 1007 803 1089 multiplicius
834 1006 1049 1069 confluebant.
1104 1005 1179 1066 Hoc
1206 1022 1335 1086 quoque
1360 1001 1422 1063 fere

473 1111 591 1193 ubique
612 1110 741 1184 accidit,
757 1120 793 1172 ut
812 1109 947 1190 fugiant,
969 1107 1046 1170 dum
1068 1117 1262 1191 quaeruntur,
1278 1105 1354 1168 dum
1377 1104 1423 1165 fu·

473 1219 586 1291 gantur
600 1212 792 1273 accelerant.
838 1208 883 1270 Et
896 1208 967 1272 haec
985 1207 1116 1291 quidem
1126 1207 1175 1269 via
1186 1204 1423 1289 compendiosa,

472 1321 504 1374 et
523 1311 747 1374 honestissima
768 1321 816 1373 est
836 1309 878 1373 ad
899 1309 1034 1373 divitias.
1081 1308 1186 1383 Quum
1202 1308 1290 1371 enim
1306 1306 1423 1369 divitiae

471 1411 643 1495 prudenter
663 1411 887 1488 excluduntur,
908 1420 940 1473 et
964 1411 1029 1473 rita
1049 1417 1166 1473 aetema
1186 1408 1372 1491 acquiritur,
1393 1415 1424 1468 et

472 1514 619 1576 cumulus
635 1512 812 1575 divitiarum
828 1512 964 1575 accedit.
999 1511 1045 1574 Et
1060 1512 1088 1574 si
1103 1511 1165 1573 hoc
1181 1511 1276 1572 nimis
1291 1508 1424 1572 arduum

471 1613 597 1677 ridetur
612 1614 692 1692 aliis,
707 1615 756 1676 vel
773 1613 968 1699 ajudicibus
987 1623 1050 1677 tam
1077 1611 1314 1686 ecclesiasticis,
1330 1630 1424 1694 quam

473 1713 656 1791 mundanis,
683 1715 738 1797 qui
763 1714 960 1796 professione
988 1723 1043 1776 aut
1069 1722 1269 1776 sacramento
1289 1710 1421 1794 justitiae

472 1815 606 1897 obligati
623 1826 707 1892 sunt,
722 1815 849 1898 impleri
864 1824 1001 1898 oportet.
1033 1817 1249 1895 Utrorumque
1265 1811 1423 1894 siquidem

471 1916 572 1979 forma
590 1917 718 1979 Samuel
742 1928 799 1994 est,
814 1917 871 1999 qui
891 1916 937 1978 sic
958 1916 1086 1998 praefuit
1109 1913 1288 1991 sacrificiis,
1304 1921 1341 1974 nt
1358 1933 1422 1973 non

470 2029 613 2100 parceret
632 2019 781 2098 sanguini
798 2019 976 2101 impiorum,
993 2018 1038 2079 sic
1057 2016 1183 2100 judicia
1208 2025 1344 2097 utraque
1367 2032 1422 2074 ex·

471 2120 581 2198 ercuit,
599 2141 640 2182 ne
656 2120 755 2183 ullum
777 2120 982 2204 opprimeret,
999 2129 1030 2181 et
1052 2117 1092 2180 de
1108 2138 1206 2179 manu
1230 2115 1420 2199 cujusquam

469 2219 549 2281 nihil
576 2222 711 2302 accepit.
756 2223 849 2284 .Hoc
876 2229 1007 2284 testatur
1034 2218 1231 2282 conscientia
1256 2215 1424 2290 Samuelis,

471 2328 634 2380 attestatur
649 2333 681 2380 et
701 2322 851 2401 populus,
868 2332 899 2382 et
924 2331 1031 2384 tamen
1047 2341 1113 2382 non
1137 2319 1214 2381 satis
1237 2317 1276 2380 fit
1298 2315 1421 2379 consci-

470 2418 565 2482 entiae
580 2421 787 2502 scrupulosoe,
802 2421 863 2483 nisi
880 2431 1078 2485 sacramento
1093 2442 1182 2484 suum
1199 2420 1340 2504 populus
1365 2429 1423 2479 tes·

470 2521 638 2583 timonium
656 2523 825 2584 roboraret.
871 2523 926 2584 Ait
944 2523 1045 2584 enim:
1072 2523 1179 2585 Testis
1196 2532 1243 2584 est
1261 2519 1421 2582 Dominus

471 2622 622 2686 advorsus
638 2644 705 2701 vos,
719 2634 750 2686 et
765 2624 853 2686 testis
870 2623 1014 2687 Christus
1029 2624 1097 2706 ejus
1122 2623 1156 2686 in
1181 2621 1231 2684 die
1259 2621 1333 2694 hac,
1349 2618 1423 2702 quia

470 2746 533 2786 noo
556 2723 738 2786 inveneritis
762 2724 794 2785 in
818 2745 915 2786 manu
939 2745 1010 2787 mea
1033 2724 1208 2807 quippiam.
1252 2722 1298 2783 Et
1322 2719 1422 2782 dixit:

470 2826 585 2889 Testis.
631 2826 822 2909 Cuicunque
844 2826 992 2888 obtestati
1012 2825 1224 2909 provinciales
1247 2824 1310 2887 tale
1336 2823 1422 2885 testi-

471 2929 613 2989 monium
629 2926 864 3010 perlribent,·ad
881 2926 1039 3010 judicium
1055 2925 1297 3008 omnipotentis,
1311 2934 1344 2988 et
1357 2945 1423 2987 om-

470 3027 523 3091 nia
547 3028 676 3090 scientis
698 3029 762 3091 Dei
787 3049 917 3091 securus
941 3029 1083 3091 accedat.
1127 3026 1264 3090 Provide
1287 3046 1424 3109 namque

471 3149 599 3191 causam
625 3129 762 3205 instruit,
786 3131 841 3212 qui
865 3130 900 3190 in
924 3130 1072 3192 examine
1097 3127 1328 3191 conscientiam
1351 3149 1422 3210 pro·

470 3227 573 3305 ducit,
588 3239 619 3292 et
634 3228 719 3293 diem
734 3230 921 3309 humanum,
937 3251 1069 3312 quomm
1086 3242 1134 3293 est
1142 3229 1249 3313 judex
1276 3229 1424 3293 conscius

468 3330 501 3391 iu
523 3333 665 3393 excelso.
711 3331 775 3403 Qui
798 3353 871 3394 vero
898 3353 972 3394 cum
993 3332 1141 3395 Samuele
1159 3353 1225 3393 non
1250 3329 1423 3393 discutiunt

471 3432 524 3494 hic
536 3431 660 3516 judicia
675 3453 742 3510 sua,
757 3433 815 3496 sed
832 3434 970 3516 prompti
986 3433 1027 3496 ad
1049 3432 1276 3495 excusationes
1289 3431 1324 3492 in
1348 3449 1421 3512 pec·

472 3534 563 3608 catis,
581 3533 671 3616 quasi
685 3534 759 3596 lotis
774 3535 923 3597 manibus
938 3556 1011 3599 cum
1027 3535 1130 3596 Pilato
1156 3533 1308 3609 clamant,
1332 3551 1422 3593 mun·

470 3632 530 3696 dus
545 3656 603 3716 ego
614 3656 684 3697 sum
700 3657 720 3698 a
735 3637 890 3715 sanguine
900 3634 981 3721 justi
992 3635 1100 3721 hujus,
1111 3635 1186 3718 quia
1197 3635 1421 3714 contralegem

468 3747 692 3814 peccaverunt,
707 3746 738 3800 et
749 3757 807 3819 per
820 3738 925 3819 legem
940 3737 1185 3800 damnabuntur.
1230 3733 1294 3798 Sed
1318 3745 1351 3797 et
1373 3732 1421 3794 illi

469 3832 685 3899 damnationis
699 3849 792 3902 erunt
807 3840 993 3922 participes,
1017 3839 1071 3922 qui
1096 3858 1152 3900 eos
1175 3845 1312 3919 possunt
1333 3834 1420 3898 cohi·

465 3936 541 3998 bere
557 3955 616 3996 nec
633 3939 751 4000 volunt.
796 3941 841 4001 Et
858 3939 897 4002 de
912 3941 963 4002 his
988 3940 1117 4024 quidem
1132 3938 1210 4001 satis
1226 3935 1350 4000 dictum
1373 3945 1420 3998 est

420 4056 422 4063 ·
466 4036 610 4119 sapienti.
654 4036 794 4100 Proinde
821 4040 863 4102 ad
879 4042 1119 4125 proportionem
1133 4059 1297 4115 manuum,
1325 4056 1418 4119 quam

466 4136 658 4201 Plutarchus
673 4136 812 4214 induxit,
829 4149 967 4205 transeat
984 4143 1095 4224 stylus.
