3309 5309
251 686 327 731 cae.
345 666 424 747 xri]
594 682 846 728 roarcnsrrcus.
1147 668 1206 727 201

251 837 407 899 tenuisse.
454 836 488 898 Si
510 843 615 898 motus
628 857 732 898 rerum
754 837 901 918 praescire
926 836 1099 913 desideras,
1116 837 1211 899 meri·

252 939 337 1001 toria
353 937 489 1014 discute,
504 949 536 1001 et
555 939 692 1000 lixarum
707 940 914 1001 castrensium
938 940 1062 1023 inquire
1083 952 1211 1001 senten·

251 1041 328 1102 tias.
351 1038 444 1101 Nihil
458 1039 542 1100 enirn
554 1038 635 1101 adeo
651 1040 811 1101 oecultum
823 1051 882 1110 est,
895 1040 982 1124 quod
992 1041 1037 1102 eis
1048 1061 1088 1102 ex
1101 1041 1211 1123 aliqua

251 1155 345 1224 parte
361 1162 426 1203 non
442 1142 606 1205 reveletur.
651 1141 686 1203 Si
697 1140 772 1203 mihi
788 1162 851 1204 non
869 1142 984 1219 credis,
999 1144 1048 1205 vel
1059 1142 1212 1224 Aquinati

252 1255 367 1306 nostro
379 1265 471 1306 aures
486 1241 705 1306 accommoda.
751 1244 805 1306 Ait
820 1245 916 1319 enirn,

365 1374 390 1424 Ο
405 1372 536 1441 Corydon,
551 1371 682 1440 Corydon,
696 1378 824 1424 secretum
836 1371 924 1423 divitis
935 1372 1017 1426 ullum

365 1460 432 1511 Esse
444 1464 520 1531 putas
531 1459 543 1509 Ρ
556 1459 623 1509 servi
634 1462 663 1509 ut
674 1462 787 1521 taceant,
796 1457 916 1526 jumenta
927 1456 1072 1525 loquentur,

364 1546 401 1598 Et
414 1546 494 1608 canis,
506 1549 533 1597 et
546 1549 642 1614 posteS,
655 1547 681 1594 et
693 1558 834 1592 marmora:
854 1540 944 1594 claude
956 1540 1092 1608 fenestras,

367 1631 438 1684 Vela
450 1636 541 1698 tegant
552 1630 638 1692 rimas,
647 1629 732 1698 junge
745 1627 820 1689 ostia,
835 1626 918 1677 tollito
930 1626 1017 1678 lumen

367 1716 390 1767 E
403 1716 499 1779 medio,
512 1720 617 1766 taceant
629 1730 730 1775 ornnes,
743 1730 823 1782 prope
835 1729 911 1763 nemo
923 1712 1073 1765 recumbat:

368 1801 447 1863 Quod
456 1806 544 1851 tamen
556 1799 590 1850 ad
602 1805 707 1850 cantum
719 1796 782 1865 galli
794 1796 857 1848 facit
870 1796 914 1849 ille
927 1798 1042 1861 secundi,

366 1886 505 1938 Proximus
516 1891 577 1937 ante
590 1885 660 1936 diem
672 1902 752 1953 caupo
765 1884 838 1935 sciet.

259 2008 418 2073 Procedo.
443 2007 477 2069 Si
489 2018 577 2069 terrae
591 2014 747 2069 secretum
762 2028 853 2069 suum
869 2006 1016 2083 infodiat,
1029 2009 1077 2070 vel
1093 2008 1216 2071 arundo

261 2128 469 2172 succrescens
492 2106 555 2169 hoc
579 2105 736 2190 producet
758 2107 790 2167 in
811 2107 989 2188 publicum,
1014 2120 1046 2171 et
1061 2110 1122 2172 leri
1140 2110 1216 2173 flatu

261 2211 294 2273 in
312 2230 405 2273 auras
420 2208 571 2293 proferet,
584 2208 736 2291 quoniam

528 2338 666 2390 Auriculas
678 2338 743 2389 asini
757 2338 846 2391 Midas
857 2339 947 2392 habet.

262 2460 1218 2548 PallasquoqueErichthoniumsnumoccultarenonpotuit,

263 2561 1215 2646 quinipsumjamcognitumcomicisgarrulitaspublicaret:

264 2663 350 2726 unde
360 2664 437 2746 quia
445 2663 541 2725 alieni
553 2662 684 2725 admissi
695 2662 831 2724 delatrix
842 2663 941 2726 fuitet
951 2665 1091 2741 conscia,
1101 2666 1217 2726 coloris

266 2763 408 2849 perdidit
432 2774 641 2841 venustatem,
661 2773 694 2826 et
721 2764 914 2844 garrulitatis
937 2764 1070 2826 incurrit
1097 2777 1217 2828 notam.

264 2867 424 2929 Praeterea
432 2866 591 2928 secretarii
605 2864 748 2939 divitum,
761 2865 851 2948 quasi
870 2864 997 2949 quidam
1014 2867 1154 2929 tolutarii
1169 2868 1220 2929 vel

265 2968 422 3032 clitellarii
437 2977 522 3047 sunt,
536 2980 568 3029 et
582 2964 636 3048 qui
654 2989 762 3029 eorum
777 2967 903 3031 delictis
915 2979 1104 3031 onerentur:
1129 2968 1219 3050 quic·

265 3068 343 3152 quid
358 3070 400 3133 ab
415 3069 463 3132 eis
477 3068 675 3152 delinquitur
690 3070 723 3130 in
747 3070 878 3132 istorum
895 3071 1057 3133 infamiam
1073 3069 1220 3146 cuditur;

265 3170 330 3233 nisi
350 3169 433 3233 forte
455 3191 494 3233 ea
515 3169 558 3231 sit
580 3169 621 3231 de
644 3180 775 3254 potente
806 3170 928 3253 opinio,
950 3181 985 3232 nt
1007 3171 1096 3231 nullo
1118 3170 1220 3253 possit

268 3271 406 3335 concilio
436 3270 611 3353 depravari.
656 3272 691 3333 Si
722 3271 807 3333 enim
838 3271 990 3334 solemnis
1019 3281 1069 3334 est
1099 3270 1222 3333 malitia

266 3371 525 3457 quadrandis
544 3383 576 3434 et
590 3371 658 3434 doli
682 3374 810 3453 vulgata
833 3374 955 3455 opinio,
979 3374 1075 3437 totins
1092 3372 1221 3436 familiar

266 3475 351 3537 sama
365 3483 529 3556 purgatur,
544 3493 582 3534 ac
603 3474 630 3536 si
645 3473 759 3556 capitis
776 3474 911 3553 languor
924 3472 1151 3535 infirmantium
1167 3472 1222 3536 de·

269 3576 375 3656 nigret
398 3572 538 3636 dolorem
569 3576 712 3637 laterum.
758 3574 910 3657 Alioquin
935 3575 961 3635 si
991 3575 1169 3656 benignior,
1193 3575 1220 3637 si

270 3675 394 3739 civilior
415 3673 554 3738 creditur
574 3685 768 3759 potentatus,
792 3676 899 3737 omnia
922 3673 1128 3738 deliramenta
1150 3675 1221 3760 ejus

268 3776 449 3852 familiares,
472 3778 564 3859 quasi
594 3774 762 3851 clitellarii,
786 3775 979 3859 quibusdam
1009 3778 1148 3841 nominis
1170 3778 1221 3840 sui

270 3878 410 3941 humeris
424 3890 562 3960 portant.
607 3878 670 3942 Sed
688 3888 774 3941 recte
797 3891 957 3960 gestorum
973 3879 1019 3942 nil
1033 3879 1096 3941 nisi
1111 3880 1222 3963 benig·

271 3979 374 4057 nitati,
389 3991 445 4041 aut
459 3979 604 4043 civilitati
616 3980 754 4063 potentis
767 3978 965 4044 adscribitur.
998 3982 1043 4043 Et
1058 3978 1223 4064 siquando

271 4083 416 4144 calculus
446 4081 570 4160 gravior
598 4082 752 4156 imminet,
782 4083 875 4165 quasi
904 4083 1018 4166 pellem
1042 4101 1101 4161 pro
1130 4080 1224 4159 pelle,

270 4183 408 4245 animam
428 4192 514 4244 tuam
538 4181 626 4245 dabit
649 4182 738 4245 dives
757 4205 813 4265 pro
837 4185 920 4245 soma
943 4204 1009 4258 sua,
1033 4191 1065 4241 et
1086 4189 1121 4239 ut
1142 4179 1223 4238 inte

271 4293 449 4366 retorqueat
461 4285 588 4367 culpam
601 4305 701 4361 suam,
714 4296 810 4365 capot
820 4296 907 4346 tuum
918 4282 1037 4344 moritis
1047 4278 1225 4351 eriminum,
