3309 5309
344 652 407 712 200
602 657 738 703 JOANNIS
755 656 1031 702 SARESBERIENSIS
1149 640 1229 724 [Lm.
1245 660 1298 704 111.

348 818 399 880 dis
414 814 539 899 positio.
586 809 681 873 Unde
704 810 783 872 licet
805 809 903 872 invito
927 820 959 872 et
978 813 1171 895 repugnanti
1194 813 1300 875 animo

347 921 533 1003 plerumque
555 913 699 988 affluant,
721 934 776 974 cor
796 924 901 975 tamen
925 932 1084 995 apponere
1103 913 1209 976 fidelis
1231 915 1302 996 phi-

347 1017 503 1100 losophus
523 1013 683 1096 prohibet,
705 1025 737 1075 et
752 1012 864 1076 doctor
878 1015 1020 1095 gentium
1035 1037 1101 1092 eos,
1118 1017 1173 1100 qui
1189 1015 1302 1078 divites

347 1120 416 1183 fieri
433 1118 577 1201 cupiunt,
595 1115 628 1176 in
642 1115 793 1197 laqueum
814 1113 947 1191 diaboli,
963 1127 994 1178 et
1017 1118 1200 1179 tentationis
1223 1117 1303 1180 dicit

349 1218 498 1283 incidero.
553 1217 598 1278 Et
619 1216 675 1299 qui
698 1227 833 1296 utroque
857 1215 955 1299 major
984 1228 1041 1295 est,
1071 1219 1302 1301 primogenitus

349 1330 557 1395 mortuorum,
579 1330 611 1380 et
625 1317 777 1400 princeps
795 1339 904 1399 regum
923 1328 1012 1381 terne
1034 1320 1156 1398 asserit,
1178 1321 1251 1383 Deo
1272 1332 1305 1383 et

349 1425 542 1486 Mammonae
559 1418 652 1480 simul
668 1418 775 1479 serviri
791 1439 856 1479 non
873 1439 977 1501 posse.
1022 1421 1183 1492 Quoniam

515 1587 640 1658 Imperat,
653 1591 698 1637 aut
709 1586 787 1637 servit
800 1585 909 1637 collecta
922 1587 1029 1656 pecunia
1041 1588 1143 1655 cuique.

353 1725 417 1789 Sed
433 1723 523 1787 diviti
538 1743 701 1803 nunquam
719 1721 823 1796 servit,
840 1731 895 1783 aut
909 1742 987 1783 ram.
1027 1722 1124 1786 Unde
1139 1723 1243 1806 liquet
1258 1724 1305 1786 di-

350 1827 430 1888 vites
438 1820 633 1907 frequentius
643 1821 773 1903 iniquos
781 1842 852 1883 esse
863 1843 957 1904 quam
970 1822 1105 1886 heredes
1114 1825 1304 1908 iniquorum.

350 1926 523 2000 Quomodo
538 1946 614 2004 ergo
628 1931 741 2004 regnat
762 1923 886 1999 canitae,
907 1925 963 1985 ubi
985 1925 1138 2008 iniquitas
1160 1926 1306 1991 domina·

352 2026 425 2090 tur?
450 2025 571 2108 Utique
587 2024 675 2085 divos
691 2023 855 2085 familiaris
877 2046 946 2086 esse
962 2027 1064 2102 norit,
1085 2029 1209 2090 amicus
1225 2051 1305 2091 nun·

353 2148 458 2211 quarn,
482 2140 537 2186 aut
562 2145 639 2185 raro.
687 2125 751 2185 Hic
768 2137 874 2186 tarncn
901 2146 965 2186 uon
993 2125 1033 2188 de
1057 2148 1107 2206 eo,
1132 2129 1187 2212 qui
1209 2130 1305 2193 habet

354 2227 490 2302 divitias,
506 2246 608 2286 sermo
624 2234 682 2300 cst,
699 2223 755 2284 sed
773 2224 826 2305 qui
843 2234 936 2286 amat.
982 2227 1036 2288 Ex
1059 2229 1177 2311 quibus
1197 2231 1305 2314 liquet,

354 2329 429 2413 quia
451 2336 697 2410 quantacunque
714 2346 755 2387 ex
775 2325 987 2389 familiaritate
1004 2331 1190 2411 potentioris
1205 2334 1304 2415 gratia

353 2429 505 2504 videatur,
521 2426 706 2507 diligentem
718 2427 875 2489 cautelam
892 2429 991 2509 exigit
1007 2430 1213 2496 subditorum.
1238 2435 1305 2497 Ali-

353 2533 430 2617 quin
443 2530 547 2594 omnis
559 2529 627 2613 ejus
636 2529 797 2605 illecebra,
808 2531 828 2561 “
840 2531 913 2611 plus
925 2533 1022 2610 aloes,
1032 2555 1128 2617 quam
1139 2537 1260 2599 mellis”
1273 2538 1304 2598 in

354 2635 443 2699 exitu
455 2632 603 2695 habitura
614 2643 670 2693 est.
695 2633 737 2692 At
752 2632 885 2713 expedit
896 2634 1067 2714 plurimum
1083 2636 1125 2699 ad
1137 2659 1304 2701 successus

352 2759 420 2799 esse
431 2734 594 2798 conscium
608 2744 813 2795 secretorum.
830 2733 971 2805 Quidni?
985 2737 1306 2817 Reverentiacreseit,

353 2833 519 2899 invalescit
534 2833 716 2906 auctoritas
729 2843 877 2896 arcentur
890 2835 1105 2909 incommoda,
1117 2841 1307 2921 proveniunt

352 2939 512 3012 utilitates,
557 2936 731 2998 amicorum
766 2946 900 3015 augetur
934 2959 1096 3015 numems,
1132 2943 1304 3005 cultoribus

355 3039 482 3104 accedit
497 3038 634 3115 devotio,
656 3050 687 3099 et
702 3037 828 3099 fortuna
849 3038 947 3100 totius
967 3040 1075 3120 gratiae
1096 3063 1174 3115 suae,
1191 3053 1223 3106 et
1241 3043 1306 3105 seli·

354 3142 458 3204 citatis
488 3162 594 3203 auram
623 3137 748 3200 videtur
777 3138 914 3201 beatulis
940 3140 1102 3222 inspirare.
1149 3145 1304 3206 Uaeterum

352 3243 482 3306 istorum
499 3242 639 3303 omniurn
656 3239 841 3318 norissima,
856 3241 968 3323 quovis
979 3242 1140 3304 absinthio
1153 3245 1304 3306 amariora

353 3356 436 3420 sunt,
449 3355 480 3406 et
491 3343 514 3405 si
527 3343 652 3404 interim
665 3364 727 3403 non
739 3353 950 3416 amarescunt,
955 3343 1075 3427 justam
1088 3343 1306 3410 amaritudinis

351 3447 472 3508 habent
500 3445 725 3526 suspicionem.
771 3445 838 3508 Res
868 3443 1026 3528 siquidem
1049 3448 1228 3528 periculosa
1250 3461 1306 3525 est,

353 3543 484 3605 divitum
501 3552 556 3605 aut
570 3554 734 3625 potentum
747 3545 982 3606 communicare
999 3546 1138 3609 secretis.
1185 3549 1218 3612 si
1229 3549 1304 3633 quid

353 3644 438 3706 euim
455 3644 501 3705 eis
516 3665 571 3725 per
585 3644 741 3706 incuriam
758 3645 836 3707 forte
853 3645 998 3723 elabitur,
1021 3647 1084 3725 cui,
1099 3649 1161 3711 nisi
1177 3649 1305 3713 conscio

355 3742 558 3827 imponetur?
584 3744 678 3816 Quod
697 3746 895 3823 cubicularii,
911 3759 964 3810 aut
975 3748 1156 3830 ciniflones,
1171 3751 1306 3828 mimive,

354 3860 408 3911 aut
437 3846 619 3929 quicunque
642 3849 849 3925 nebulonum,
879 3850 996 3930 quibus
1019 3851 1174 3915 delicatus
1205 3852 1306 3915 divitis

354 3968 478 4023 sensuS,
501 3958 556 4008 aut
577 3947 662 4008 furor
685 3969 789 4010 carere
812 3971 877 4012 non
902 3961 1018 4031 potest,
1040 3952 1073 4014 in
1097 3954 1243 4035 lupanari
1259 3956 1306 4016 rel

353 4055 483 4117 taberna
494 4060 686 4130 sparserunt,
698 4058 752 4111 aut
762 4062 797 4112 ut
806 4071 840 4113 se
849 4051 1082 4117 vendicarenta
1094 4055 1304 4119 familiaritate

352 4150 504 4237 potentis,
521 4147 759 4228 divulgaverunt
772 4149 804 4210 in
818 4153 950 4232 populo,
965 4152 999 4214 in
1016 4152 1102 4217 illius
1114 4156 1303 4219 calumniam

349 4262 558 4336 retorquetur,
573 4250 627 4332 qui
649 4250 681 4311 in
699 4252 842 4315 consiliis
863 4253 1000 4335 aliquem
1026 4257 1135 4319 locum
1161 4259 1246 4320 visus
1262 4267 1307 4319 est
