3309 5309
496 696 556 755 150
756 705 892 751 ioannis
909 704 1186 751 sanusanainusis
1310 687 1393 771 [nia.
1410 708 1445 751 n.
1488 685 1490 691 '

494 862 724 944 provocarent?
763 859 881 922 Omnes
902 856 1016 941 utique
1042 870 1236 922 evanuerunt
1261 869 1335 943 post
1360 858 1447 942 prin-

495 961 596 1045 cipem
622 959 783 1036 vanitatis,
808 968 841 1020 et
865 957 942 1021 dum
969 957 1048 1020 seire
1073 959 1161 1043 quod
1191 980 1255 1021 non
1285 957 1371 1035 licet,
1395 958 1444 1022 vel

493 1061 585 1125 aliter
604 1082 701 1145 quam
722 1060 806 1138 licet,
825 1071 994 1145 appetunt,
1010 1059 1050 1123 ad
1071 1060 1165 1124 inane
1185 1074 1217 1125 et
1239 1059 1376 1123 nihilum
1396 1082 1443 1122 re·

491 1162 576 1226 dacti
606 1176 691 1226 sunt.
737 1163 843 1244 Reges
873 1183 947 1223 vero
978 1161 1075 1223 lsrael
1106 1161 1288 1226 infidelibus
1318 1161 1443 1239 sociavi,

490 1268 567 1349 quia
581 1286 681 1349 quum
705 1285 816 1346 regum
840 1262 930 1325 Juda
951 1261 1004 1324 alii
1027 1263 1115 1340 boni,
1137 1263 1191 1328 alii
1212 1263 1289 1327 mali
1311 1261 1441 1337 fuerint,

489 1388 580 1449 reges
597 1364 694 1428 Israel
710 1386 818 1426 omnes
832 1364 960 1449 reprobi
975 1364 1160 1432 extiterunt.

595 1474 695 1541 Linque
707 1489 801 1524 areana
813 1473 865 1524 Dei
876 1471 1021 1539 coelumque
1032 1472 1171 1542 inquirere,
1183 1474 1246 1542 quid
1257 1475 1301 1538 sit,

439 1626 441 1631 .
489 1569 533 1633 ait
550 1572 643 1645 Cato,
658 1572 736 1655 quia
751 1567 839 1652 qnod
856 1566 1027 1632 destinavit
1042 1568 1082 1631 de
1098 1580 1141 1645 te,
1158 1581 1191 1633 et
1211 1569 1327 1634 statuit
1345 1571 1441 1649 Deus,

487 1672 566 1734 citra
589 1685 676 1734 tuam
706 1668 940 1734 solicitudinem
966 1682 1070 1755 potest
1095 1671 1257 1754 expedire.
1303 1672 1441 1756 Egregie

489 1773 619 1859 quidem
636 1773 787 1848 Ethicus,

592 1883 705 1933 Omnem
718 1881 794 1933 crede
807 1881 876 1933 diem
889 1881 937 1932 tibi
950 1879 1077 1932 diluxisse
1089 1897 1247 1950 supremum,

594 1967 677 2018 Grata
689 1968 852 2037 superveniet
864 1983 923 2034 quae
934 1984 986 2017 non
998 1965 1145 2035 sperabitur
1155 1966 1228 2018 hora.

486 2060 613 2123 Veritas
628 2073 734 2124 autem
754 2061 813 2124 sibi
830 2062 951 2146 ubique
971 2083 1108 2124 consona
1126 2075 1186 2137 est,
1201 2084 1259 2125 nec
1274 2085 1293 2125 a
1309 2086 1353 2139 se,
1369 2061 1439 2128 licet

484 2184 504 2224 a
531 2160 687 2224 mendacii
719 2159 899 2226 habitaculo
928 2162 1120 2247 proferatur,
1150 2162 1347 2249 quandoque
1376 2164 1438 2228 dis·

482 2261 602 2325 cordat.
659 2261 749 2326 Siout
780 2283 838 2324 nec
867 2261 1037 2337 munditia,
1066 2261 1143 2325 dum
1175 2263 1225 2326 sui
1254 2263 1437 2347 integritate

483 2363 582 2447 viget,
609 2384 873 2447 quarumcunque
905 2362 1047 2427 sordium
1079 2363 1241 2428 vicinitate
1270 2365 1435 2452 polluitur.

483 2468 560 2551 lpsa
582 2478 715 2528 mortem
739 2465 851 2528 indicit
875 2487 935 2528 non
960 2465 1076 2542 timeri,
1098 2478 1129 2529 et
1155 2466 1196 2529 ad
1222 2489 1292 2531 eam
1319 2467 1436 2554 excipi·

481 2567 606 2645 endam,
621 2587 679 2630 nos
695 2565 779 2629 horis
792 2566 941 2630 omnibus
955 2566 1102 2653 praecipit
1117 2568 1302 2653 praeparari,
1319 2585 1357 2634 ut
1372 2593 1436 2655 quo

480 2672 585 2732 minus
608 2667 648 2731 de
671 2667 885 2732 diuturnitate
911 2668 987 2733 vitoe
1012 2670 1229 2754 praesumitur,
1251 2670 1285 2734 in
1311 2670 1435 2735 cultum

479 2770 652 2834 honestatis
669 2773 824 2834 virtutum
841 2769 994 2854 gradibus
1008 2770 1134 2834 avidius
1148 2783 1308 2836 curratur.
1342 2773 1435 2836 Mors

479 2873 635 2960 siquidem
662 2872 872 2936 necessarium
897 2895 1014 2936 munus
1042 2885 1102 2950 est,
1128 2886 1252 2939 naturae
1270 2874 1340 2960 jam
1366 2897 1434 2938 cor-

479 2989 593 3060 ruptae.
640 2974 812 3058 Corruptio
831 2996 970 3059 namque
991 2974 1099 3038 mortis
1120 2975 1211 3058 origo
1233 2987 1292 3039 est.
1337 2975 1432 3039 Tolle

476 3076 722 3163 corruptionem,
736 3089 855 3139 sectare
866 3075 1083 3160 integritatem
1098 3075 1266 3142 munditiae
1282 3093 1315 3142 et
1332 3077 1431 3142 virtu-

475 3177 528 3252 tis,
539 3179 607 3262 jarn
617 3176 866 3242 immortalitatis
882 3177 964 3240 viam
981 3177 1140 3262 ingressus
1152 3200 1185 3241 es
1194 3204 1204 3258 ;
1227 3191 1258 3243 et
1270 3178 1429 3265 quandam

473 3279 650 3344 divinitatis
673 3291 736 3344 tuae
757 3302 859 3342 arcam
880 3279 1130 3365 apprehendisti.
1175 3280 1428 3366 Apprehendisti

473 3380 603 3464 inquam
626 3403 665 3444 an
689 3381 860 3466 accepisti?
891 3381 966 3461 Sed,
990 3395 1026 3447 ut
1047 3381 1174 3446 fidelius
1196 3382 1376 3468 loquamur,
1397 3395 1430 3446 et

473 3479 622 3563 accepisti
649 3495 680 3545 et
706 3481 955 3567 apprehendisti.
1002 3486 1076 3546 Non
1102 3496 1150 3547 est
1177 3484 1260 3546 enim
1285 3483 1430 3562 volentis,

472 3601 575 3666 neque
591 3581 756 3658 currentis,
771 3580 824 3645 sed
839 3581 1016 3645 miserentis
1025 3581 1098 3646 Dei.
1133 3583 1213 3660 Quis
1228 3583 1288 3649 scit
1298 3583 1429 3670 quando

469 3680 585 3756 veniet,
602 3704 681 3758 sero,
697 3705 737 3745 an
753 3682 857 3746 media
871 3695 974 3763 nocte,
989 3706 1029 3746 an
1043 3686 1241 3767 gallicantu,
1255 3707 1296 3748 an
1312 3689 1425 3749 mane?

473 3779 521 3846 Ut
544 3783 639 3857 enirn,
658 3788 703 3847 ait
721 3783 786 3863 ille,
802 3783 893 3847 Nihil
913 3796 1014 3847 morte
1034 3784 1151 3849 certius
1170 3797 1228 3866 est,
1248 3783 1329 3850 nihil
1348 3786 1427 3850 hora

469 3882 630 3945 incertius.
668 3885 748 3959 Quae
764 3883 873 3968 utique
889 3907 951 3947 non
968 3884 1110 3948 timenda
1124 3898 1171 3949 est
1187 3885 1278 3971 qnasi
1294 3885 1425 3963 malum,

469 3984 525 4051 sed
546 3984 636 4071 quasi
646 3985 799 4048 malorum
815 3986 898 4064 finis,
914 4009 1015 4072 quum
1031 3988 1163 4064 venerit,
1179 3999 1346 4072 gratanter
1359 4009 1424 4051 am·

466 4087 643 4175 plectenda.
688 4087 799 4149 Unum
823 4101 870 4152 est
892 4089 981 4173 quod
1000 4089 1077 4154 totis
1092 4092 1207 4153 mentis
1229 4101 1262 4153 et
1282 4089 1422 4174 corporis

464 4191 586 4255 viribus
600 4189 790 4274 fugiendum
806 4202 864 4254 est.
910 4192 995 4268 Quid
1012 4191 1092 4255 illud
1109 4191 1150 4255 sit
1167 4189 1311 4274 quaeris?
1335 4191 1421 4254 Tur·

461 4291 587 4386 pitudo,
601 4305 632 4355 et
649 4291 749 4356 totius
761 4294 880 4375 species
891 4293 1059 4358 inhonesti.
1098 4294 1179 4362 Haec
1190 4291 1275 4356 enim
1286 4291 1418 4365 faciunt,
