3309 5309
347 633 419 677 one.
434 613 513 692 xm]
699 632 952 677 ronvcnlrrcus.
1241 617 1301 678 311

344 785 512 862 consistat,
530 797 565 847 ut
587 784 705 848 similia
723 806 762 848 ex
786 785 945 847 similibus
966 796 1181 867 procreentur.
1227 787 1298 851 Cae-

345 899 447 950 terum
460 888 536 970 quia
545 886 727 968 praesidum,
739 897 771 950 et
783 887 915 949 aliorum
920 885 1079 968 judicum,
1095 908 1297 951 communem

345 1009 416 1051 esse
431 987 666 1070 inspectionem
682 987 907 1070 praemisimus,
925 988 1097 1071 aequitatis,
1113 997 1145 1050 et
1160 988 1300 1070 publicre

347 1090 464 1173 quietis
479 1089 615 1152 ministri
631 1101 715 1165 sunt,
731 1109 812 1173 quos
834 1099 922 1151 tanto
946 1090 1253 1174 circumspectiores,
1269 1100 1301 1153 et

347 1192 503 1255 cautiores
524 1201 649 1272 oportet
671 1211 752 1264 esse,
768 1189 934 1272 magisque
949 1190 1115 1268 sollicitos,
1132 1211 1196 1272 quo
1216 1190 1303 1253 illius

347 1306 545 1364 reservantur
574 1291 727 1369 examini,
757 1290 850 1374 cujus
885 1291 1053 1373 prudentia
1082 1291 1304 1355 circumveniri

347 1414 413 1458 non
434 1401 553 1477 potest,
577 1402 632 1456 aut
649 1393 776 1475 justitia
798 1393 979 1476 corrumpit
1003 1392 1058 1454 illo
1079 1394 1254 1472 obtinente,
1268 1403 1304 1457 ut

346 1496 380 1558 in
397 1515 462 1578 quo
478 1493 606 1578 judicio
623 1491 851 1577 judicaverint,
862 1490 1059 1576 judicentur,
1075 1503 1107 1555 et
1121 1513 1302 1557 mensuram

346 1599 466 1660 bonam
481 1606 513 1658 et
528 1595 713 1672 consertam,
724 1604 757 1657 et
771 1594 973 1676 coagitatam,
986 1604 1018 1656 et
1028 1595 1304 1677 supereffluentem

346 1697 380 1761 in
397 1699 484 1762 sinus
500 1719 575 1761 suos
589 1696 728 1780 ajudice
743 1695 830 1780 justo
845 1696 1012 1780 recipiant.

348 1888 429 1970 Cap.
448 1891 498 1949 la.
523 1885 575 1948 Dc
598 1891 801 1947 sacramento
816 1884 978 1963 judicum,
1000 1893 1033 1946 et
1051 1885 1223 1946 collatione
1238 1884 1303 1963 Py-

392 1987 532 2068 tlraqorae
555 1986 785 2063 etAleaondri,
806 1994 840 2047 et
858 1986 894 2046 io
915 1985 1029 2066 quibus
1049 1986 1142 2048 rebus
1159 1985 1303 2065 qratiam

386 2090 540 2170 portibus
560 2089 668 2170 possit
682 2087 932 2171 saeerejudec,
955 2087 1050 2149 etde
1074 2084 1303 2168 questionibus

392 2193 558 2273 captiosis.

392 2319 445 2380 Er
469 2315 597 2400 quidem
615 2314 744 2399 judices
766 2325 965 2378 sacramento
987 2315 1114 2395 legibus
1135 2313 1304 2396 alligantur

345 2419 454 2504 jurati,
481 2417 558 2500 quia
586 2417 792 2480 omnimodo
815 2417 976 2501 judicium
1006 2439 1079 2480 cum
1107 2417 1248 2492 veritate,
1271 2422 1303 2476 et

350 2522 456 2601 legum
487 2518 708 2582 observatione
742 2517 925 2598 disponent.
970 2517 1047 2597 Ipso
1078 2535 1207 2596 quoque
1232 2514 1304 2596 jure

350 2631 479 2685 cautum
511 2629 570 2693 est,
601 2629 637 2681 ut
667 2637 829 2679 sacrorum
860 2615 1108 2698 Evangeliorum
1137 2614 1304 2696 scripturae

350 2723 516 2796 terribiles,
539 2731 612 2783 ante
632 2715 742 2780 sedem
760 2716 948 2800 judicialem
969 2716 1179 2798 deponantur,
1193 2715 1304 2797 ibique

350 2825 390 2887 ab
417 2823 508 2885 initio
533 2821 650 2894 litium,
673 2816 714 2881 ad
740 2817 837 2879 finem
867 2838 970 2901 usque
996 2827 1215 2900 permaneant,
1240 2837 1302 2880 nec

351 2929 570 2993 amoveantur,
594 2912 655 2981 nisi
678 2918 836 2982 sententia
858 2919 1000 2998 recitata,
1022 2940 1085 3002 quo
1107 2919 1206 2981 totius
1228 2939 1304 2981 con-

350 3022 469 3087 sistorii
495 3020 642 3096 latitudo,
658 3021 721 3084 Dei
744 3021 847 3104 ipsius
862 3023 983 3104 repleta
998 3021 1177 3103 praesentia,
1202 3019 1304 3082 omni·

351 3127 414 3187 bus
440 3122 482 3185 ad
509 3133 727 3186 sacrosanctas
751 3122 925 3206 scripturas
954 3132 1074 3184 metum
1099 3122 1244 3195 incutiat,
1273 3131 1306 3183 et

352 3223 569 3299 reverentiam,
595 3234 629 3286 et
653 3226 693 3287 ab
719 3224 926 3306 inquisitione
952 3224 1091 3287 veritatis
1116 3223 1222 3285 omnis
1248 3223 1307 3285 ini-

351 3326 459 3410 quitas
487 3326 698 3409 propulsetur.
753 3327 875 3389 Omnes
899 3348 1027 3410 quoque
1052 3326 1156 3388 carnis
1178 3335 1211 3387 et
1234 3346 1307 3388 san·

352 3428 468 3511 guinis,
490 3427 601 3509 religio
616 3427 800 3510 judiciaria,
821 3429 970 3511 propellit
988 3430 1131 3507 affectus,
1148 3448 1307 3491 evacuans

276 3611 278 3616 Α
353 3532 430 3592 iram
455 3528 635 3604 etodium,
661 3540 783 3593 metum
807 3540 842 3593 et
868 3530 1062 3594 amicitiam:
1091 3531 1177 3613 quia,
1203 3543 1237 3592 ut
1262 3530 1308 3593 ait

351 3631 458 3695 Julius
482 3630 601 3709 Caesar,
624 3630 711 3693 haud
735 3632 829 3696 facile
863 3633 988 3695 animus
1014 3652 1121 3694 verum
1151 3631 1308 3714 providet,

354 3733 409 3795 ubi
438 3733 500 3795 ista
528 3731 712 3814 proficiunt.
773 3734 862 3797 Hinc
893 3745 942 3798 est
979 3733 1061 3796 illud
1094 3734 1309 3815 proverbium,

354 3843 483 3897 auctore
499 3834 656 3897 Cicerone
673 3834 761 3918 apud
773 3836 923 3920 antiquos
935 3834 1194 3900 celeberrimum:
1219 3838 1310 3901 exuit

355 3957 524 4018 personam
534 3935 666 4020 judicis,
693 3937 840 4020 quisquis
855 3938 995 4001 amicum
1021 3939 1135 4001 induit.
1161 3939 1309 4021 AEquitas

356 4037 440 4099 enim
457 4038 510 4100 cui
530 4037 635 4122 judex
661 4040 852 4122 obsequium
870 4040 976 4119 debet,
991 4039 1058 4103 odii
1073 4041 1240 4118 sinistram,
1256 4048 1311 4102 aut

355 4138 471 4202 amoris
485 4137 632 4203 dextram
648 4142 762 4205 nescit.
808 4145 894 4206 Nam
910 4165 929 4205 a
948 4144 1077 4206 veritate
1098 4164 1163 4204 non
1182 4142 1258 4204 licet
1277 4143 1312 4204 in

350 4239 486 4323 judiciis
512 4242 683 4307 declinare.
741 4246 787 4306 Ut
811 4266 883 4307 vero
909 4244 1080 4326 plurimum
1110 4241 1312 4324 indulgeatur
