3309 5309
359 622 400 681 46
617 635 752 679 tuturus
768 633 1043 678 sanussunmusrs
1191 614 1275 692 [tra.
1294 625 1316 680 t.

359 784 504 849 noverint
535 783 737 870 profluxisse,
770 805 944 869 verumque
976 806 1117 869 persaepe
1147 786 1317 870 proferunt

358 886 425 952 sola
455 886 631 951 intentione
661 885 802 962 fallendi,
829 909 848 948 a
875 885 995 970 quibus
1023 886 1160 950 animam
1188 887 1316 954 fidelem

357 989 517 1054 Dominus
527 1011 647 1069 arcens,
658 988 721 1054 ait:
748 990 781 1052 Si
797 987 936 1053 dixerint
950 988 1049 1068 vobis,
1061 988 1150 1053 etita
1162 992 1315 1070 evenerit,

358 1112 399 1154 ne
418 1089 555 1154 credatis
574 1090 628 1155 eis.
672 1090 876 1176 Praestigium
897 1112 973 1153 vero
992 1093 1175 1155 Mercurius
1198 1092 1317 1158 dicitur

356 1192 523 1269 invenisse,
546 1193 633 1276 quod
658 1215 698 1256 ex
720 1192 823 1256 eosic
845 1192 976 1268 dicitur,
998 1193 1087 1277 quod
1111 1195 1209 1259 aciem
1233 1218 1315 1281 prae-

357 1293 493 1378 stringat
513 1293 688 1371 oculorum,
704 1294 835 1379 fuitque
855 1315 1017 1377 magorum
1038 1293 1261 1378 peritissimus,
1278 1310 1314 1362 ut

356 1416 564 1481 quascunque
579 1418 629 1459 res
645 1394 739 1458 vellet
754 1393 929 1459 invisibiles
948 1394 1079 1472 faceret,
1096 1410 1152 1461 aut
1169 1409 1205 1462 ut
1223 1397 1314 1462 vide·

354 1495 461 1572 batur,
472 1496 503 1559 in
517 1497 594 1561 alias
606 1496 726 1581 species
738 1496 988 1561 transformaret.
1019 1498 1135 1560 Omnia
1150 1499 1310 1585 siquidem

355 1597 440 1661 unde
461 1598 637 1662 doctrinam
657 1598 806 1662 mathesis
824 1611 925 1662 notat.
965 1602 1008 1664 At
1023 1598 1133 1663 divina
1152 1600 1312 1680 mathesis,

355 1696 432 1763 dum
462 1700 674 1786 penultimam
703 1698 861 1776 extendis,
891 1699 1054 1785 figmenta,
1084 1700 1126 1764 ad
1155 1701 1310 1787 magicam

353 1797 548 1882 referuntur,
562 1801 657 1886 cujus
671 1798 819 1884 plurimae
836 1799 957 1884 species
972 1810 1046 1863 sunt
1061 1810 1093 1862 et
1108 1797 1253 1865 diversae.

346 2009 352 2016 ⁸
446 2021 527 2103 Cap.
545 2022 595 2083 10.
621 2021 686 2094 Qut
701 2021 768 2082 rint
782 2019 888 2102 Moci,
903 2027 935 2084 et
949 2019 1037 2084 unde
1050 2021 1216 2085 dicantar.

395 2164 448 2224 ΕΤ
463 2159 594 2245 quidem
617 2158 701 2242 magi
723 2171 809 2235 sunt,
825 2171 857 2222 et
872 2159 914 2222 ob
937 2160 1192 2246 magnitudinem
1213 2160 1310 2225 male·

352 2261 496 2325 liciorum
524 2261 568 2324 sic
594 2260 809 2347 appellantur,
841 2260 898 2346 qui
925 2262 1065 2325 Domino
1092 2262 1311 2348 permittente,

353 2362 508 2428 elementa
533 2362 739 2437 concutiunt3
777 2361 873 2426 rebus
902 2361 1046 2428 adimunt
1073 2365 1192 2450 species
1223 2387 1310 2442 suas,

351 2479 487 2531 ventura
517 2463 706 2550 plerumque
742 2464 976 2549 proenunciant,
1014 2467 1146 2530 turbant
1183 2480 1307 2532 mentes

351 2567 527 2648 hominum,
553 2566 730 2632 immittunt
761 2565 894 2643 somnia,
921 2567 1128 2654 hominesque
1155 2568 1308 2633 violentia

350 2670 496 2735 carminis
518 2668 676 2735 duntaxat
699 2669 862 2748 occidunt,
879 2669 966 2755 quod
988 2682 1020 2735 et
1044 2670 1208 2734 Lucanum
1232 2693 1306 2735 nos-

351 2784 437 2836 trum
453 2794 516 2835 non
531 2771 638 2837 latuit.
682 2770 737 2835 Ait
753 2770 849 2848 enim,

456 2889 535 2942 Mena
546 2889 633 2942 hausti
644 2887 716 2941 nulla
729 2889 801 2940 sanie
814 2887 913 2958 polluta
924 2889 1026 2953 veneni,

357 2988 362 3001 =
455 2960 593 3012 Incantata
605 2959 682 3029 perit.

346 3065 392 3127 Et
408 3084 448 3126 ne
463 3061 522 3127 tibi
538 3084 638 3147 parva
652 3057 800 3123 videatur
813 3058 899 3122 illius
913 3059 1100 3137 auctoritas,
1116 3058 1197 3123 nosti
1214 3059 1304 3143 quod

346 3170 476 3233 Jamnes
491 3178 523 3230 et
535 3164 695 3241 Mambre,
707 3165 793 3249 magi
810 3162 985 3226 Pharaonis
1000 3163 1144 3226 fuerunt.
1174 3162 1305 3248 AEgyp-

348 3281 401 3333 tus
417 3268 533 3332 etenim
548 3266 733 3353 hujusmodi
746 3264 1010 3351 superstitionum
1026 3277 1058 3329 et
1073 3264 1305 3330 maleficiorum

349 3382 450 3432 mater
465 3381 523 3432 est.
565 3368 659 3432 Nosti
675 3371 805 3452 inquam
821 3390 885 3443 eos,
898 3390 960 3432 non
977 3367 1073 3431 modo
1088 3370 1197 3452 Moysi
1212 3367 1305 3432 resti-

348 3470 432 3546 tisse,
448 3466 502 3531 sed
518 3490 591 3530 cum
607 3490 644 3529 eo
660 3467 756 3552 signis
771 3481 802 3531 et
824 3466 983 3532 miraculis
998 3468 1210 3545 contendisse,
1227 3468 1304 3534 licet

347 3569 552 3658 postmodum
578 3568 628 3633 vel
654 3568 747 3632 inviti
773 3568 874 3632 coacti
899 3583 986 3648 sunt,
1013 3570 1150 3656 digitum
1179 3569 1241 3635 Dei
1269 3570 1304 3633 in

346 3671 444 3757 signis
460 3669 569 3755 Moysi
584 3669 737 3734 confiteri.

540 3907 619 3991 Cap.
638 3912 686 3970 ll.
709 3907 762 3970 De
775 3907 935 3988 speciebus
949 3908 1103 3989 Mogicae.
1206 3937 1209 3941 ⁴

386 4047 506 4108 Vatum
521 4053 627 4105 autem
643 4039 876 4106 curiosissimus
890 4041 972 4106 inter
987 4041 1206 4127 philosophos,
1219 4065 1302 4126 qua.

303 4146 310 4158 ’
344 4161 419 4213 tuor
440 4143 560 4232 species
581 4142 785 4207 divinationis
805 4143 847 4208 ab
867 4142 1030 4206 elementis
1050 4152 1216 4206 mutuatus
1237 4159 1299 4224 est,

345 4247 575 4338 pyromantiam
592 4245 720 4327 seilicet,
731 4244 969 4325 aeromantiam,
982 4243 1249 4330 hydromantiam,
1267 4262 1299 4313 et
