3309 5309
345 637 404 699 126
615 650 751 695 Joauxrs
768 649 1046 695 ssaasaaumnsrs
1158 631 1242 712 [ma.
1259 650 1294 694 11.

346 825 404 867 nec
420 801 576 867 sideribus
594 823 700 865 rerum
720 800 912 886 pollicentur
926 801 1072 877 effectus,
1094 823 1151 865 nec
1170 823 1224 865 eas
1245 824 1299 865 ne·

346 903 484 968 cessitati
497 902 565 987 lege
575 901 790 988 dispositionis
802 902 1055 989 astringunt,sed
1067 904 1145 988 quia
1156 915 1299 968 venturae

347 1019 433 1082 sunt,
449 1005 607 1090 certisque
622 1004 874 1090 pronunciantur
897 1005 1034 1084 indiciis,
1049 1003 1224 1091 praedicere
1237 1027 1300 1068 non

347 1120 506 1174 verentur.
568 1106 630 1170 Sed
661 1106 686 1170 si
714 1105 897 1171 futurorum
928 1119 1034 1193 potest
1063 1106 1143 1170 ordo
1171 1107 1299 1185 mutari,

346 1211 547 1272 temerarium
564 1220 610 1272 est
625 1230 691 1271 rem
707 1207 756 1270 sui
771 1221 887 1271 natura
898 1207 1059 1287 incertam,
1071 1219 1158 1272 certo
1167 1206 1301 1271 diffinire

343 1310 476 1395 judicio.
520 1309 573 1373 Sin
591 1322 698 1373 autem
713 1309 832 1372 mutari
854 1332 916 1373 non
939 1322 1056 1396 potest,
1071 1309 1148 1396 quid
1171 1310 1300 1395 prodest

347 1424 436 1476 tanta
450 1410 632 1475 curiositate
648 1412 794 1491 scrutari,
809 1411 897 1496 quod
912 1412 1002 1476 nulla
1016 1424 1121 1498 potest
1133 1409 1300 1497 diligentia

347 1511 523 1576 declinari?
547 1514 610 1578 Sed
625 1514 709 1578 forte
724 1513 782 1578 etsi
798 1513 891 1577 aliter
906 1538 973 1578 esse
989 1514 1100 1599 possit,
1118 1537 1167 1578 res
1182 1514 1302 1578 incerta

348 1628 484 1692 nonest,
501 1615 775 1701 temeritatemque
792 1615 906 1701 judicii
922 1628 1054 1680 excusat
1077 1615 1158 1679 ratio
1172 1614 1301 1680 indubi-

348 1727 415 1780 tata
437 1716 610 1801 signorum.
656 1716 747 1780 Licet
775 1715 858 1779 enim
883 1718 924 1781 sit
947 1714 1099 1801 possibile
1122 1736 1187 1778 rem
1210 1714 1302 1780 aliter

347 1839 424 1891 esse,
442 1839 509 1880 eam
523 1829 628 1880 tamen
640 1816 685 1879 ita
700 1814 843 1879 futuram
856 1838 933 1892 esse,
945 1815 1111 1879 manifesta
1122 1815 1214 1900 signa
1222 1836 1301 1898 prae·

347 1920 510 1982 nunciant.
567 1919 633 1980 Nec
663 1940 744 1994 mea,
772 1916 879 2003 inquit
909 1931 1069 1982 astrorum
1100 1916 1300 1992 secretarius,

347 2019 489 2096 interest,
504 2040 543 2079 an
560 2018 653 2080 aliter
670 2040 736 2080 csse
757 2018 870 2102 possit,
891 2017 969 2081 dum
987 2017 1021 2081 id
1038 2017 1082 2080 de
1102 2041 1168 2103 quo
1182 2017 1300 2101 agitur,

348 2123 393 2184 ita
408 2119 552 2181 futurum
570 2140 715 2181 essenon
732 2117 886 2185 dubitem.
935 2119 997 2183 Sed
1009 2141 1154 2206 quaenam
1172 2131 1219 2183 est
1235 2118 1301 2182 hoec

348 2216 508 2283 certitudo
530 2220 717 2302 signorum?
750 2219 874 2305 Nempe
897 2241 1003 2283 rerum
1034 2219 1226 2305 plerumque
1248 2242 1301 2284 ex·

351 2319 562 2405 perimentum
593 2317 701 2394 fallax,
736 2319 897 2402 judicium
928 2320 1065 2395 difficile,
1094 2320 1302 2407 ipsorumque

351 2421 509 2504 signorum
534 2419 622 2484 varia
644 2432 691 2483 est
713 2433 743 2485 et
768 2421 935 2508 multiplex
958 2422 1155 2505 significatio.
1205 2424 1304 2487 Porro

350 2522 486 2587 varietas
508 2521 752 2607 ambiguitatem
783 2523 929 2590 inducit:
961 2525 992 2587 in
1015 2524 1175 2609 ambiguis
1196 2537 1303 2589 autem

349 2625 451 2689 omnis
473 2623 620 2688 diffinitio
641 2625 819 2711 periculosa
833 2639 890 2691 est.
938 2625 999 2690 Sed
1021 2639 1089 2691 esto
1111 2625 1200 2713 quod
1215 2626 1304 2712 signa

349 2725 520 2792 uniformia
543 2727 617 2805 sint,
641 2728 727 2792 unde
750 2728 804 2792 illa
826 2752 890 2793 una
914 2729 1102 2814 significatio
1123 2729 1304 2809 innotescit,

349 2841 405 2893 aut
421 2827 500 2913 quid
517 2827 664 2915 perhibet
679 2851 748 2892 eam
763 2830 987 2894 esse-falsam?
1011 2835 1148 2909 Natura,
1171 2831 1304 2918 inquis?

351 2931 453 2995 lllane
468 2951 542 3016 quae
556 2929 588 2994 in
604 2931 711 3007 rebus,
727 2953 766 2994 an
790 2955 865 3018 quae
880 2933 912 2996 in
925 2933 1035 2995 divina
1046 2932 1217 3009 voluntati,
1233 2955 1305 2998 con-

350 3031 458 3099 sistit?
482 3033 594 3114 Porro,
608 3032 726 3098 divinae
750 3057 812 3098 non
835 3034 992 3119 obloquor
1015 3035 1186 3112 voluntati,
1205 3039 1304 3101 sciens

350 3138 426 3222 qnia
454 3135 571 3211 omnia,
602 3158 815 3221 quaecumque
845 3136 959 3213 voluit,
989 3137 1075 3202 fecit.
1121 3138 1156 3203 Si
1182 3161 1220 3203 ea
1247 3137 1304 3204 tibi

349 3237 501 3318 innotuit,
512 3238 592 3302 bene
608 3249 666 3304 est.
711 3241 806 3303 Potes
820 3239 934 3325 ntique
949 3239 1115 3304 inlumina
1130 3239 1186 3304 illo
1199 3239 1305 3305 videre

350 3338 469 3417 lumen,
483 3351 516 3403 et
532 3360 606 3401 vera
627 3339 809 3404 indubitata
830 3340 870 3404 de
887 3340 968 3405 libro
987 3342 1142 3426 proferre,
1164 3343 1221 3430 qui
1236 3343 1304 3408 aliis

351 3441 504 3524 signatus,
519 3439 577 3502 tibi
587 3454 786 3525 apertusest,
802 3442 833 3505 in
850 3466 915 3529 quo
931 3457 1006 3508 sunt
1016 3468 1126 3510 omnes
1141 3446 1302 3532 sapientias

350 3553 383 3605 et
399 3539 536 3607 scientiar
553 3542 693 3608 thesauri
714 3545 904 3623 absconditi,
927 3570 1022 3633 quern
1045 3549 1164 3613 nemini
1184 3551 1304 3636 aperire

350 3641 472 3707 licitum
497 3665 562 3707 esse
584 3646 758 3723 audieram,
781 3647 840 3710 nisi
863 3671 946 3732 agno
969 3649 1026 3733 qui
1048 3650 1172 3715 occisus
1194 3665 1252 3734 est,
1273 3664 1304 3717 et

352 3755 485 3807 mortem
507 3745 626 3811 virtute
646 3749 777 3833 propria
797 3752 967 3815 interemit.
1014 3752 1089 3816 Noli
1103 3753 1219 3818 amodo
1232 3776 1305 3818 cum

352 3843 507 3929 Apostolo
529 3846 637 3910 mirari
660 3850 860 3914 altitudinem
884 3851 1067 3918 divitiarum
1091 3855 1254 3939 sapientiae
1273 3867 1304 3919 et

353 3943 492 4009 scientiae
507 3944 581 4025 Dei,
596 3969 694 4030 quum
713 3950 771 4013 tibi
789 3954 1083 4039 comprehensibilia
1102 3955 1166 4022 sint
1182 3956 1305 4043 judicia

350 4049 431 4134 ejus,
461 4059 493 4111 et
523 4060 680 4130 astrorum
712 4050 835 4116 ducatu
863 4055 1123 4140 pervestigabiles
1153 4058 1203 4122 vis
1226 4059 1304 4144 ejus,

351 4149 474 4235 tibique
497 4147 652 4214 vadabilis
674 4149 714 4214 sit
731 4150 925 4236 judiciorum
947 4156 1016 4240 ejus
1038 4157 1173 4242 abyssus
1196 4158 1305 4222 multa.

352 4252 385 4316 si
403 4252 442 4316 de
458 4276 494 4316 ea
509 4265 623 4317 natura
638 4251 747 4317 niteris
762 4277 836 4340 quae
851 4258 882 4320 in
899 4258 1005 4335 rebus,
1021 4259 1054 4323 id
1070 4273 1130 4337 est,
1147 4259 1307 4349 frequenti
