3309 5309
344 681 481 761 cann]
710 695 965 744 eonrcmmcus.
1247 686 1305 745 173

344 849 488 913 μΙιοιιιὶιιίε
503 848 559 934 qui
575 848 607 911 in
623 847 693 933 ipso
706 862 764 912 est.
810 849 907 912 Unde
927 848 1013 933 apud
1033 849 1202 932 Virgilium
1218 873 1302 913 corn-

346 971 405 1032 pos
427 949 477 1012 sui
500 959 619 1034 pastor,
635 961 667 1012 et
689 949 885 1033 sapientibus
906 961 938 1012 et
961 952 1083 1033 magnis
1105 949 1180 1012 viris
1202 950 1301 1013 nostri

349 1049 503 1136 temporis
517 1049 651 1127 doctior,
666 1050 723 1125 ait,

700 1167 748 1219 Me
760 1184 861 1235 quoque
874 1167 971 1232 dieunt,

455 1253 553 1306 Vatem
565 1259 694 1324 pastores;
713 1252 759 1304 sed
769 1270 822 1304 nou
836 1271 886 1320 ego
898 1254 1016 1307 credulus
1027 1254 1088 1307 illis.

455 1339 499 1391 Tu
511 1356 613 1408 quoque
625 1339 732 1408 praeviso
744 1339 766 1388 si
780 1337 863 1408 palles
875 1340 989 1411 improbe
1001 1358 1114 1405 nummo,

456 1425 487 1476 Si
498 1423 571 1489 sacis,
583 1427 610 1476 in
622 1442 715 1495 penem
727 1425 848 1493 quicquid
860 1426 908 1476 tibi
921 1427 993 1478 veuit
1004 1445 1129 1478 amorum,

351 1537 444 1601 Licet
470 1548 502 1600 te
528 1549 595 1600 tota
617 1535 731 1600 vicinia
753 1535 933 1601 modestum
960 1537 1056 1617 dicat,
1079 1561 1115 1601 ae
1139 1539 1305 1624 pudicum,

349 1640 482 1703 minime
499 1638 547 1702 vel
558 1637 743 1725 jurantibus
761 1638 880 1702 credas.
928 1639 1114 1703 Memoriter
1130 1653 1200 1704 tene
1215 1641 1303 1726 quod

351 1740 509 1826 parvulus
523 1740 672 1820 didicisti,

457 1859 524 1913 Plus
534 1859 593 1913 aliis
605 1861 639 1912 de
650 1867 687 1924 te,
699 1878 777 1928 quam
790 1865 818 1912 tu
831 1860 879 1911 tibi
891 1860 1005 1924 credere,
1017 1859 1078 1912 noli.

354 1964 429 2027 Non
442 1964 534 2029 facile
548 1962 696 2040 dixerim,
709 1977 781 2028 uter
793 1963 833 2026 sit
847 1966 932 2049 prior
947 1963 979 2026 iu
993 1962 1081 2039 vitio,
1093 1964 1150 2047 qui
1166 1962 1305 2048 linguam

352 2064 593 2129 adulationibus
613 2065 741 2149 polluit,
757 2077 813 2129 aut
830 2065 923 2150 cujus
943 2088 997 2129 eor
1018 2088 1057 2128 ex
1074 2066 1117 2129 eis
1132 2089 1165 2129 se
1179 2067 1212 2129 in
1229 2066 1307 2130 laeti-

355 2166 432 2231 tiam
448 2166 586 2230 resolvit.
633 2168 672 2229 In
689 2166 748 2230 hoc
769 2165 851 2231 enim
868 2164 1011 2230 elationis
1026 2167 1169 2240 caecitas;
1193 2168 1307 2245 inille,

353 2267 444 2331 fraus
465 2267 646 2331 excaecandi
667 2268 849 2332 damnatur.
896 2267 1026 2353 Ubique
1041 2291 1116 2331 vero
1137 2269 1308 2333 damnatur

356 2366 461 2444 dolus,
478 2367 533 2432 sed
552 2380 583 2433 et
606 2368 744 2445 caecitas,
765 2390 836 2453 quac
859 2389 878 2430 a
897 2368 1046 2453 superbia
1067 2382 1126 2444 est,
1147 2391 1306 2455 nusquam

356 2469 543 2534 absolvitur.
589 2474 670 2536 Esto
685 2471 773 2556 quod
788 2469 937 2533 adulator
953 2470 993 2533 sit
1008 2471 1154 2555 nequior,
1171 2471 1230 2535 iste
1245 2494 1307 2535 non

326 2623 328 2625 ,
357 2571 463 2635 miuus
478 2572 701 2636 contemtibilis
721 2588 778 2634 est.
827 2571 895 2633 Nee
917 2583 1084 2654 caperetur
1106 2569 1225 2655 linguar
1241 2584 1308 2634 ten-

356 2672 472 2736 diculis
497 2672 618 2751 alicam,
643 2674 668 2737 si
695 2696 756 2735 non
781 2669 982 2736 blandiretur
1010 2670 1078 2755 ipse
1108 2671 1177 2735 sibi.
1223 2671 1308 2747 Quid

356 2774 466 2860 itaque
478 2775 575 2839 alium
592 2775 697 2860 arguit
713 2772 917 2849 adulationis,
928 2772 982 2856 qui
997 2771 1124 2835 sibimet
1138 2771 1308 2836 adulatur?

359 2877 400 2940 In
430 2900 496 2962 quo
525 2877 606 2940 enim
645 2875 743 2939 alium
773 2887 914 2950 accusat,
944 2873 1080 2959 seipsum
1110 2872 1309 2939 condemnat.

357 2979 481 3042 Eadem
498 2979 580 3041 enim
597 2977 767 3061 facit,quae
778 2975 914 3061 judicat.
947 2976 1013 3052 Vae,
1024 2973 1127 3058 inquit
1140 2975 1309 3050 Dominus,

358 3081 413 3168 qui
438 3089 597 3143 consuunt
623 3076 773 3162 pulvillos
795 3076 855 3140 sub
880 3076 966 3139 omui
995 3075 1105 3138 cubito
1130 3096 1254 3151 manus,
1278 3088 1310 3139 et

356 3190 484 3268 ponunt
500 3176 663 3241 cervicalia
679 3177 739 3241 sub
754 3177 859 3261 eapite
874 3176 1027 3240 unirersae
1043 3175 1155 3240 aetatis
1188 3176 1311 3260 Utique

356 3281 510 3367 pulvillos
532 3290 701 3357 consuunt,
725 3276 780 3363 qui
802 3276 932 3341 auribus
954 3292 1067 3363 parant
1090 3277 1231 3352 iusidias,
1254 3279 1310 3363 qui

358 3405 441 3446 vana
455 3393 487 3446 et
504 3379 611 3444 mollia
633 3392 817 3464 congerunt,
836 3378 953 3463 quibus
968 3402 1078 3444 sensus
1099 3378 1311 3458 demulceant,

358 3486 415 3573 qui
437 3506 533 3568 opera
555 3481 775 3546 commendant
795 3480 972 3557 bominum,
991 3495 1026 3545 ut
1049 3504 1102 3544 eos
1121 3482 1215 3546 famae
1231 3505 1311 3568 prae-

359 3587 468 3659 cuniis,
485 3599 517 3648 et
533 3585 671 3670 quadam
688 3585 777 3648 suavi
793 3583 1000 3670 jucunditate
1014 3583 1144 3660 favoris,
1159 3583 1311 3648 inducant

360 3688 401 3750 ad
424 3685 573 3771 quietem.
619 3685 709 3747 Usus
728 3683 811 3746 euim
829 3682 1005 3768 pulvinaris
1026 3697 1056 3748 et
1078 3684 1250 3764 cervicalis,
1265 3700 1312 3750 est

361 3786 514 3850 mollicies
543 3785 667 3871 quietis.
722 3783 876 3847 Pulvinar
901 3806 978 3866 ergo
1007 3785 1065 3848 sub
1089 3785 1175 3847 omni
1204 3786 1313 3850 cubito

361 3887 475 3951 manus
489 3887 628 3972 ponitur,
644 3885 774 3971 quando
789 3907 851 3948 nou
877 3883 971 3948 modo
986 3886 1138 3970 operatio,
1154 3887 1208 3951 sed
1225 3889 1313 3973 quie-

361 3989 440 4074 quid
456 3990 485 4052 ei
501 3989 624 4075 adjacet
639 3987 887 4052 commendatur.
920 3989 1027 4073 Caput
1043 3992 1195 4054 universae
1210 3989 1313 4051 aetatis

361 4090 509 4155 cervicali
533 4089 770 4176 superponitur,
791 4088 867 4154 dum
889 4090 961 4173 quis
984 4090 1181 4154 adulantium
1199 4090 1312 4161 verbis,

362 4193 393 4256 in
417 4192 517 4256 totius
540 4192 613 4256 vitae
635 4191 785 4276 operibus
807 4190 996 4254 delectatur.
1042 4192 1087 4252 Et
1110 4188 1202 4250 alibi:
1237 4189 1313 4271 Ipse

362 4294 540 4357 aedifieabat
556 4294 720 4379 parietem,
736 4292 783 4355 illi
806 4304 913 4354 autem
930 4289 1081 4351 liniebant
1098 4309 1180 4349 eum.
1228 4289 1314 4349 Pari-
