3309 5309
469 651 530 711 180
726 663 862 708 scaurus
878 663 1153 711 sanusnmunusrs
1271 649 1356 723 [ura.
1373 666 1423 712 ur.

469 817 529 881 sibi
538 817 783 897 gerendaerant,
794 818 939 880 sufficere
946 819 1123 882 arbitratus.
1139 819 1184 882 Et
1195 817 1426 903 quidemetiam

466 919 537 1002 ipsa
552 919 657 1000 imago
678 918 811 996 virtutis,
834 941 924 982 suam
946 921 1107 1003 quandam
1126 922 1225 985 habet
1247 921 1422 985 venustatis

465 1020 654 1103 decorisque
678 1021 865 1097 claritatem,
895 1033 931 1084 ut
953 1022 1109 1106 quicquid
1136 1024 1170 1086 in
1201 1045 1241 1086 ea
1272 1023 1421 1098 cemitur‚

465 1121 535 1206 ejus
557 1121 671 1185 merito
703 1131 871 1184 venustum
900 1121 1046 1186 credatur
1075 1135 1108 1187 et
1137 1123 1302 1188 decorum.
1348 1125 1422 1186 Non

463 1235 571 1286 tamen
595 1242 824 1306 usquequaque
847 1222 997 1284 decorum
1024 1235 1084 1298 est,
1109 1223 1197 1305 quod
1222 1225 1258 1285 in
1279 1224 1420 1286 tenebris

465 1321 652 1405 ignorantiae
663 1325 865 1386 obscuratur:
878 1344 939 1386 nec
948 1324 1230 1408 potestquisquam
1241 1325 1423 1402 clarescere,

465 1425 527 1487 nisi
542 1424 574 1486 in
588 1423 651 1487 fide
667 1424 762 1502 illius,
774 1424 828 1507 qui
840 1425 898 1486 lux
912 1445 988 1486 vera
1002 1436 1060 1500 est,
1077 1434 1108 1486 et
1119 1424 1280 1486 illuminat
1295 1445 1420 1487 omnem

465 1526 640 1604 hominem,
668 1525 850 1588 venientem
880 1525 913 1586 in
942 1525 1030 1588 huuc
1060 1525 1228 1588 mundum.
1274 1524 1331 1588 Ex
1360 1547 1421 1609 quo

466 1635 565 1709 patet,
588 1624 676 1709 quod
703 1623 764 1687 nisi
786 1626 820 1687 in
844 1623 910 1687 veri
933 1624 996 1686 Dei
1021 1625 1147 1702 notitia,
1170 1635 1203 1687 et
1225 1626 1327 1698 cultu,
1352 1646 1422 1687 vera

467 1728 564 1791 virtus
580 1748 649 1790 esse
666 1748 730 1788 non
746 1727 857 1809 possit.
903 1723 999 1798 Quod
1015 1736 1047 1788 et
1062 1725 1141 1788 risio
1154 1724 1343 1788 Ezechielis
1357 1745 1421 1786 non

467 1828 577 1904 tacuit,
593 1827 649 1910 qui
671 1848 884 1910 eorumquae
905 1825 1132 1911 praecedebant
1154 1838 1185 1889 et
1206 1826 1422 1908 sequebantur

467 1929 644 2006 Christum,
658 1927 794 1990 candem
810 1927 1043 1991 confessionem
1059 1947 1129 1989 esse
1145 1926 1298 1988 asseruit:
1323 1925 1422 1989 Sanc·

466 2038 568 2092 torum
585 2030 706 2112 quippe
729 2028 842 2091 veteris
858 2038 890 2092 et
905 2027 981 2090 novi
1001 2025 1182 2091 testamenti
1198 2027 1231 2088 in
1253 2046 1292 2088 eo
1309 2025 1421 2089 distin·

468 2130 574 2212 guitur
588 2129 680 2205 fides,
700 2130 787 2212 quod
803 2130 856 2192 isti
871 2129 940 2213 jam
956 2129 1018 2192 sibi
1032 2128 1174 2210 gaudent
1188 2127 1333 2211 impleta,
1351 2149 1420 2211 quae

466 2229 514 2291 illi
530 2230 746 2312 expectabant
761 2238 793 2292 et
816 2228 1043 2293 desiderabant
1060 2229 1234 2314 implenda.
1280 2230 1330 2293 Sit
1345 2251 1420 2312 ergo

467 2330 658 2392 venerabilis
672 2330 779 2411 imago
796 2330 929 2408 virtutis,
944 2330 1021 2394 dum
1037 2331 1105 2394 sine
1122 2329 1185 2394 fide
1201 2339 1234 2394 et
1249 2328 1420 2394 dilectione

468 2431 648 2494 substantia
669 2430 795 2494 virtutis
819 2452 974 2494 essenon
1000 2432 1109 2516 possit.
1160 2433 1207 2494 Et
1229 2432 1352 2496 utinam
1374 2434 1423 2495 in-

467 2533 610 2596 veniatur
623 2532 657 2594 in
672 2531 775 2610 nobis,
791 2531 847 2614 qui
863 2533 913 2595 vel
929 2532 1053 2596 virtutis
1067 2534 1239 2615 imaginem
1254 2545 1372 2598 teneat.

608 2639 675 2702 Quis
687 2638 756 2690 euim
767 2639 890 2691 virtutem
902 2638 1065 2708 amplectitur
1076 2641 1182 2712 ipsam?

469 2740 549 2813 Quis
571 2737 667 2801 etiam
691 2736 820 2798 umbras
841 2736 992 2800 virtutum
1016 2737 1130 2816 induit,
1146 2738 1265 2820 quibus
1280 2737 1423 2802 videmus

467 2841 613 2903 floruisse
639 2837 784 2920 gentiles,
810 2837 888 2900 licet
913 2839 960 2901 eis
986 2842 1148 2904 subtracto
1175 2841 1318 2916 Christo,
1340 2863 1421 2905 verae

465 2940 674 3005 beatitudinis
689 2960 753 3002 non
769 2938 1040 3022 apprehenderint
1055 2942 1216 3006 fructum?
1239 2943 1321 3014 Quis
1337 2943 1420 3006 The·

465 3043 620 3107 mistoclis
650 3041 863 3121 diligentiam,
889 3042 1059 3106 Frontonis
1090 3045 1290 3126 gravitatem,
1320 3044 1421 3109 conti·

465 3145 606 3208 nentium
622 3142 773 3220 Socratis,
784 3143 923 3205 Fabricii
938 3143 1046 3223 fidem,
1057 3146 1280 3210 innocentiam
1294 3147 1421 3224 Numae,

466 3246 654 3330 pudicitiam
667 3243 842 3327 Scipionis,
854 3246 1130 3326 longanimitatem
1146 3248 1277 3330 Ulyxis,
1288 3248 1421 3313 Catonis

464 3347 665 3429 parcitatem,
688 3346 751 3408 Titi
776 3344 939 3428 pietatem,
955 3347 1118 3412 imitatur?
1156 3349 1239 3422 Quis
1260 3371 1326 3413 non
1348 3370 1420 3414 cum

464 3444 673 3508 admiratione
690 3446 878 3509 veneratur?

606 3549 726 3603 Probitas
739 3551 868 3619 siquidem
878 3551 1009 3619 laudatur,
1022 3553 1141 3625 et'alget.

465 3644 563 3707 Porro
575 3645 732 3728 praedicti,
748 3658 780 3710 et
795 3649 978 3712 consimiles
994 3650 1102 3731 magni
1117 3650 1249 3734 quidem
1263 3659 1296 3716 et
1310 3652 1420 3716 lauda-

466 3745 547 3808 biles
570 3746 638 3825 riri,
661 3747 754 3829 quasi
781 3748 930 3830 quaedam
954 3752 1135 3813 seculorum
1161 3772 1291 3816 suorum
1316 3753 1422 3816 sidera

465 3845 707 3929 splenduerunt,
736 3849 929 3914 illustrantes
965 3861 1109 3936 tempora
1139 3873 1206 3932 sua,
1234 3853 1422 3938 praeambuli

466 3957 697 4009 coaetaneorum
714 3968 842 4011 suorum
863 3951 897 4013 in
918 3952 951 4015 id
966 3952 1102 4036 justitiae
1118 3964 1151 4017 et
1165 3955 1316 4033 veritatis,
1332 3952 1418 4040 quod

466 4047 675 4131 dispositione
693 4046 799 4111 divina
814 4049 964 4115 illuxerat
979 4054 1036 4116 eis.
1081 4054 1137 4118 Sic
1155 4077 1286 4139 quoque
1298 4056 1335 4119 in
1349 4076 1419 4120 suc·

468 4150 666 4214 cessionibus
690 4150 803 4232 populi
827 4150 943 4233 fidelis,
964 4176 1127 4238 nunquam
1151 4157 1294 4221 humano
1315 4155 1421 4240 generi

468 4251 628 4314 adnectis
646 4272 711 4313 suae
726 4252 884 4331 tenebras,
900 4254 1117 4337 caecitatisque
1134 4257 1299 4321 molestias
1314 4253 1419 4341 depel-
