3309 5309
350 676 420 721 cae.
436 659 548 734 xxm]
703 676 957 723 eonromrrcns.
1244 667 1303 725 157

348 849 412 905 eas,
438 849 477 889 ne
503 839 675 913 appareant
702 827 734 890 in
760 840 933 913 conspectu
957 827 1112 908 fidelium,
1134 829 1166 892 in
1193 830 1303 895 sabulo

349 928 526 994 sterilitatis
546 953 622 994 suae.
668 930 840 1015 Loquatur
855 930 998 1008 verbum,
1015 933 1204 995 seutentiam
1228 955 1301 1018 pro-

348 1031 432 1095 ferat
461 1031 494 1094 in
524 1033 817 1097 condemnationem
848 1055 999 1109 errorum,
1025 1055 1105 1118 quos
1130 1033 1254 1098 diutius
1283 1059 1302 1098 a

348 1132 444 1196 domo
461 1145 518 1197 tua
532 1132 660 1218 abigere
681 1134 932 1220 procuravimus.
954 1164 957 1167 ·
978 1133 1120 1196 Verbum
1144 1134 1301 1221 siquidem

348 1233 476 1318 gladius
491 1247 538 1298 est
560 1235 610 1298 bis
631 1247 755 1314 acutus,
771 1239 862 1300 vivus
884 1246 916 1297 et
938 1238 1060 1310 efficax,
1076 1236 1302 1320 penetrabilior

348 1337 435 1397 omni
449 1334 559 1418 gladio
573 1334 714 1420 ancipiti,
729 1334 914 1420 pertingens
934 1335 1090 1418 usquead
1114 1334 1301 1400 divisionem

348 1435 461 1499 animae
476 1448 507 1500 et
525 1432 667 1521 spiritus,
680 1458 869 1521 compagum
886 1458 1016 1521 quoque
1030 1447 1062 1498 et
1077 1434 1307 1514 medullarum,

350 1537 504 1602 discretor
533 1537 627 1602 etiam
654 1536 895 1622 cogitationum.
950 1538 1134 1602 Insensatus
1160 1550 1217 1613 est,
1245 1537 1303 1623 qui

348 1638 409 1701 hoc
431 1638 536 1722 gladio
557 1639 743 1704 imminente
768 1617 830 1703 riou
857 1638 957 1702 timet.
1002 1640 1048 1702 Et
1070 1660 1142 1701 ecce
1163 1638 1195 1702 in
1220 1639 1307 1708 facie,

348 1742 514 1818 Ecclesiae,
541 1745 573 1807 in
597 1756 769 1827 conspectu
786 1742 928 1807 omnium
954 1741 1107 1806 imminet.
1152 1741 1301 1829 Denique

347 1855 379 1907 et
393 1843 427 1909 iu
442 1865 550 1908 omnes
564 1843 726 1929 dirigitur.
772 1844 887 1928 lnquit
901 1842 1003 1906 enim:
1028 1842 1167 1917 Quando
1182 1842 1301 1927 ingres·

348 1967 403 2008 sus
413 1944 510 2008 fueris
521 1957 649 2026 terram,
660 1969 756 2032 quam
769 1946 928 2010 Dominus
940 1949 1030 2010 Deus
1042 1958 1118 2010 tuus
1130 1944 1220 2009 dabit
1232 1945 1308 2026 tibi,

349 2069 425 2110 cave
443 2068 483 2110 ne
497 2046 614 2111 imitari
630 2046 707 2111 velis
721 2047 972 2112 abominationes
986 2047 1114 2111 illarum
1135 2046 1299 2131 gentium:

348 2168 406 2210 nec
420 2147 599 2212 inveniatur
613 2147 644 2210 in
657 2160 688 2211 te
703 2147 758 2234 qui
770 2147 884 2212 lustret
896 2147 996 2212 filium
1013 2170 1118 2224 suum,
1130 2160 1187 2212 aut
1202 2148 1299 2212 filiam

349 2269 449 2328 suam,
463 2247 582 2312 ducens
597 2271 654 2332 per
677 2249 795 2334 ignem,
810 2260 866 2312 aut
891 2249 949 2335 qui
973 2248 1087 2312 ariolos
1111 2249 1299 2327 sciscitetur,

349 2360 404 2413 aut
428 2349 576 2413 observet
599 2349 719 2412 somnia
745 2359 801 2412 aut
826 2349 975 2433 auguria,
998 2371 1038 2411 ne
1061 2351 1102 2412 sit
1125 2349 1299 2425 maleficus,

348 2472 405 2513 nec
427 2451 613 2531 incantator,
634 2470 740 2535 neque
756 2449 920 2533 Pythones
934 2448 1078 2513 consulat
1094 2462 1150 2514 aut
1165 2449 1308 2529 divinos,

349 2564 381 2616 et
403 2564 529 2636 quaerat
553 2574 572 2614 a
597 2553 733 2615 mortuis
757 2550 935 2613 veritatem.
981 2550 1098 2613 Omnia
1121 2551 1204 2613 enim
1230 2552 1299 2614 haec

347 2653 547 2717 abominatur
572 2653 740 2728 Dominus,
759 2665 791 2715 et
821 2663 953 2736 propter
978 2649 1158 2714 istiusmodi
1183 2650 1301 2716 scelera

309 2824 316 2829 ,
347 2752 464 2818 delebit
480 2755 579 2817 cosin
595 2753 730 2817 introitu
745 2765 813 2815 tuo.
861 2749 1027 2814 Perfectus
1044 2750 1118 2829 eris,
1132 2762 1164 2814 et
1178 2751 1305 2838 absque.

348 2854 472 2918 macula
486 2876 558 2918 cum
575 2854 715 2918 Domino
735 2857 806 2917 Deo
821 2865 887 2917 tuo.
933 2855 1054 2916 Gentes
1063 2849 1144 2927 istae,
1161 2875 1297 2937 quarum
1378 2908 1384 2916 .
1480 2914 1486 2923 ,

346 2956 524 3041 possidebis
548 2969 676 3030 terram,
692 2976 831 3038 augures
852 2965 884 3017 et
905 2953 1030 3017 divinos
1054 2950 1199 3017 audiunt.
1246 2957 1298 3018 Tu

345 3071 453 3120 autem
470 3080 490 3119 a
505 3055 644 3121 Domino
665 3058 736 3119 Deo
748 3069 805 3119 tuo
828 3055 921 3120 aliter
943 3054 1111 3118 institutus
1132 3075 1175 3118 es.
1220 3054 1300 3130 Quis

344 3179 424 3240 ergo
438 3155 565 3219 dubitet
581 3158 649 3220 haec
665 3154 850 3235 criminalia,
864 3168 895 3220 et
911 3177 974 3217 non
993 3153 1088 3218 modo
1102 3154 1299 3238 languorem,

345 3256 399 3321 sed
431 3255 504 3319 fidei
535 3255 758 3322 exterminium
789 3279 866 3332 esse,
894 3257 982 3343 quod
1013 3267 1103 3319 tanta
1131 3254 1309 3340 diligentia.

346 3358 561 3446 propheticus,
595 3358 692 3423 immo
727 3357 866 3444 Spiritus
900 3357 999 3421 sancti
1034 3377 1135 3421 sermo
1169 3357 1296 3422 eradit?

347 3459 604 3524 Abominationcs
619 3471 706 3546 sunt,
731 3458 857 3524 dicente
882 3457 1038 3522 Domino:
1074 3458 1120 3522 Et
1147 3456 1240 3522 homo
1265 3482 1297 3522 se

347 3557 1298 3646 suprahominemfieriopinatur,quumistorumassequutus

348 3673 395 3725 est
421 3660 630 3747 disciplinam.
680 3664 814 3745 Propter
840 3659 1019 3727 istiusmodi
1046 3659 1161 3725 scelera
1185 3662 1299 3728 deletae

347 3774 419 3838 sunt
433 3773 555 3847 gentes,
571 3775 602 3826 et
619 3762 758 3826 humana
781 3761 942 3826 temeritas
957 3784 990 3825 se
1013 3760 1045 3825 in
1069 3761 1119 3826 his
1141 3764 1296 3850 multipli-

349 3863 412 3926 cari
427 3862 569 3928 confidit.
