3309 5309
694 660 836 704 cAP.
871 641 994 721 1v.]
1398 657 1914 705 rotvcnarlcm.
2475 651 2599 709 271

693 823 964 888 rantem,
993 809 1198 873 credit
1227 822 1294 873 et
1325 811 1625 895 justum?
1689 809 1861 874 Hinc
1900 822 1995 874 est
2033 810 2222 875 etiam
2262 813 2594 878 consilium

691 913 1021 1000 sapientis,
1065 912 1123 976 ei
1167 911 1282 998 qui
1335 911 1546 976 timeri
1590 911 1862 998 appetit,
1906 913 2128 990 amari,
2171 914 2490 994 honorari,
2532 929 2599 984 et

691 1014 1006 1100 praeferri,
1045 1027 1121 1079 ut
1160 1017 1375 1079 Deum
1424 1014 1669 1094 timeat,
1696 1026 1890 1092 amet,
1931 1029 2287 1096 veneretur,
2327 1031 2393 1082 et
2435 1017 2493 1081 ei
2532 1041 2599 1083 se

692 1130 830 1183 tota
871 1117 1212 1182 devotione
1241 1115 1600 1181 submittat.
1689 1116 2135 1182 Conditionem
2173 1118 2433 1204 quidam
2464 1143 2600 1186 esse

693 1220 1031 1295 definiunt,
1054 1219 1395 1284 fortuitum
1426 1239 1713 1304 personae
1738 1232 2001 1299 statum,
2024 1243 2153 1306 quo
2181 1233 2290 1286 aut
2316 1222 2602 1289 adversis

690 1323 1100 1409 deprimitur,
1148 1337 1262 1386 aut
1320 1320 1653 1386 extollitur
1710 1323 2058 1406 prosperis,
2105 1336 2170 1387 et
2229 1324 2603 1390 alterutrius

692 1425 882 1490 sortis
906 1437 1200 1490 naturam
1236 1422 1535 1508 suiipsius
1573 1420 1734 1485 facie
1775 1433 2182 1507 protestatur.
2258 1425 2461 1502 Quale
2503 1437 2601 1491 est
2661 1470 2664 1472 -

690 1527 873 1614 quod
901 1527 1059 1592 alios
1100 1547 1476 1590 veneramur
1504 1524 1853 1609 ingenuos;
1915 1522 2055 1589 aliis
2096 1525 2351 1590 serviles
2378 1542 2602 1594 contu-

689 1629 913 1694 melias
939 1628 1311 1714 irrogamuS.
1393 1628 1673 1690 Istorum
1699 1625 1963 1689 divitias
1993 1625 2260 1692 colimus
2278 1650 2310 1702 ς·
2343 1628 2601 1697 illorum

693 1730 1155 1795 contemnimus
1183 1740 1647 1815 paupertatem.
1708 1731 2023 1792 Naturam
2047 1726 2320 1793 diffinire
2349 1729 2604 1795 difficile

693 1843 814 1907 est,
850 1844 923 1897 ut
957 1831 1178 1895 asserit
1208 1829 1484 1895 Tullius.
1574 1830 1722 1913 Ego
1753 1827 2068 1894 difficilius
2111 1829 2301 1894 credo
2330 1829 2602 1896 diffinire

693 1934 1041 2013 fortunam,
1063 1957 1138 1996 eo
1169 1932 1341 2018 quod
1364 1933 1556 2017 hujus
1585 1929 1973 2008 nulla,illius
2002 1930 2218 2017 aliqua
2248 1931 2604 1998 substantia

695 2049 811 2100 est.
904 2036 1157 2101 Natura
1185 2034 1498 2120 siquidem
1538 2032 1728 2098 rebus
1756 2031 2063 2117 originem
2092 2034 2374 2120 praebet3
2428 2035 2603 2122 quod

697 2158 1097 2223 nequaquam
1130 2150 1318 2216 esset,
1348 2139 1400 2200 si
1429 2135 1491 2198 in
1526 2136 1793 2201 veritate
1822 2136 1960 2219 ipsa
1986 2157 2115 2199 non
2145 2149 2325 2201 esset.
2411 2137 2603 2215 Quod

695 2245 867 2306 enim
912 2241 1168 2304 omnino
1212 2263 1336 2303 non
1380 2252 1496 2320 est,
1527 2239 1716 2303 alicui
1760 2253 2063 2325 praestare
2104 2262 2231 2304 non
2276 2252 2486 2327 potest
2526 2251 2602 2306 ut

698 2347 801 2408 sit.
863 2346 960 2408 At
981 2343 1240 2408 fortuna
1269 2365 1469 2428 quum
1502 2365 1626 2406 non
1652 2342 1758 2423 sit,
1778 2365 1901 2407 non
1937 2357 2144 2430 potest
2174 2344 2454 2410 diffiniri.
2519 2346 2600 2408 In

696 2469 776 2511 eo
805 2445 1117 2531 siquidem
1148 2445 1325 2532 quod
1369 2468 1492 2509 non
1537 2457 1656 2522 est,
1689 2469 1813 2509 non
1843 2457 2069 2532 potest
2110 2448 2411 2532 cuiquam
2456 2469 2603 2510 con-

697 2558 866 2611 stare
895 2547 1056 2632 quid
1100 2547 1199 2611 sit.
1289 2546 1580 2611 Efferant
1610 2547 1915 2631 Epicurei
1959 2548 2316 2632 praecipuas
2354 2558 2601 2610 senten-

699 2649 825 2714 tias
853 2671 1019 2726 suaS,
1049 2672 1209 2735 quas
1240 2647 1434 2734 κυρίας
1474 2645 1634 2723 δόξας
1667 2659 1914 2723 vocant,
1946 2648 2183 2732 quibus
2227 2646 2425 2710 totius
2453 2647 2604 2711 Phi-

697 2748 1004 2836 losophiae
1033 2763 1266 2837 putant
1311 2748 1545 2812 servire
1587 2769 1974 2833 processum,
2004 2760 2069 2812 et
2114 2767 2288 2811 more
2316 2769 2433 2811 suo
2476 2748 2604 2812 for-

696 2865 876 2916 tunae
920 2852 1260 2937 subjiciant
1311 2854 1620 2914 universa.
1713 2853 1861 2935 Ego
1901 2849 1967 2914 in
2021 2849 2163 2927 hoc,
2208 2849 2372 2915 sicut
2422 2861 2488 2915 et
2536 2850 2601 2914 in

695 2953 1014 3038 plurimiS,
1059 2951 1479 3016 Plutarchum
1523 2976 1747 3018 censeo
1796 2950 2210 3030 audiendum,
2255 2950 2369 3038 qui
2419 2952 2604 3016 deam

691 3075 930 3118 caecam
960 3051 1286 3115 colendam
1316 3075 1450 3117 esse
1479 3066 1692 3138 negat,
1723 3076 2003 3118 asserens
2040 3075 2177 3116 eam
2209 3053 2329 3117 nisi
2359 3075 2396 3116 a
2424 3053 2609 3117 caecis

693 3155 820 3219 coli
871 3175 999 3216 non
1052 3175 1257 3238 posse.
1348 3154 1566 3218 Multa
1598 3173 1886 3240 ⁴quoque
1935 3154 2234 3240 proponit
2289 3154 2604 3240 exempla,

698 3255 936 3342 quibus
982 3252 1185 3340 liquet
1230 3276 1446 3320 omnes
1489 3278 1673 3322 caecae
1718 3255 1856 3320 deae
1900 3254 2175 3318 cultores
2211 3267 2501 3332 caecatos,
2537 3265 2604 3318 et

698 3356 1131 3444 praecipitatos
1161 3357 1417 3421 tandem
1446 3359 1512 3421 in
1542 3357 1790 3422 foveam
1822 3355 2200 3421 exterminii.
2293 3357 2605 3421 Testatur

697 3459 820 3522 hoc
869 3458 1099 3538 Galba,
1144 3459 1260 3544 qui
1303 3471 1502 3524 totam
1549 3472 1803 3524 aetatem
1849 3456 2205 3522 luculenter
2247 3456 2606 3544 producens

697 3561 766 3624 in
799 3559 1064 3634 senium,
1097 3560 1290 3645 hujus
1332 3561 1470 3624 deae
1511 3560 1942 3625 familiaritate
1984 3571 2049 3623 et
2093 3559 2275 3625 cultu
2314 3560 2382 3623 in
2416 3560 2605 3624 brevi

699 3662 927 3738 elatuS,
950 3675 1014 3726 et
1038 3662 1100 3725 in
1119 3662 1390 3726 breviori
1412 3662 1849 3749 praecipitatus
1877 3676 1991 3728 est.
2055 3660 2344 3740 Qualiter
2364 3673 2605 3740 autem,¹

699 3764 875 3851 apud
929 3764 1301 3828 Suetonium
1350 3787 1589 3850 quaere.
1683 3765 1990 3842 Queritur
2038 3779 2249 3830 tamen
2300 3764 2607 3852 praefatus

702 3865 1151 3951 PhilosophuS,
1179 3880 1244 3944 et
1272 3866 1337 3930 in
1369 3890 1525 3931 aure
1557 3868 1694 3954 jam
1726 3867 1881 3932 dicti
1922 3868 2229 3955 principis
2256 3867 2608 3956 lachryma-

701 3967 917 4032 biliter
952 3967 1326 4054 ingemiscit,
1359 3970 1534 4055 quod
1580 3969 1719 4036 haec
1749 3949 1905 4036 vitio
1948 3971 2272 4048 caecitatis,
2303 3985 2368 4036 et
2408 3984 2604 4034 teme·

700 4069 908 4134 ritatis
935 4072 1244 4156 probrosa
1275 4071 1417 4150 dea,
1448 4086 1512 4138 et
1541 4073 1838 4139 omnibus
1877 4075 2297 4159 ignominiosa
2338 4069 2609 4136 numini-

703 4170 850 4250 buS,
893 4172 1175 4236 omnium
1221 4172 1486 4236 deorum
1539 4173 1781 4259 templa
1822 4173 2184 4250 foedaverit,
2230 4183 2295 4235 et
2326 4169 2605 4245 deorum.

702 4271 984 4337 omnium
1015 4272 1414 4359 praeripuerit
1444 4273 1715 4354 cultum,
1746 4285 1820 4336 ut
1850 4287 2085 4358 praeter
2112 4272 2281 4338 oedes
2310 4267 2612 4357 privatas,
