3309 5309
278 621 348 666 car.
366 605 424 685 ra]
634 623 891 670 munerandus.
1194 616 1235 674 ‘tt

280 775 381 858 quiin
398 776 511 839 avibus
526 774 600 839 coeli
615 775 754 841 ludunt?
792 779 841 839 Ac
863 778 890 840 si
910 778 1009 842 tacita
1031 779 1234 864 subjectione

278 877 471 958 pronunciet
485 898 552 955 eos,
568 898 702 960 quorum
717 879 784 942 vita
797 879 896 963 jocus
911 889 969 958 est,
985 881 1050 943 suis
1065 881 1234 946 evanuisse

278 1001 350 1042 cum
360 980 481 1058 avibuS,
493 999 613 1063 eosque
625 979 1048 1064 subjectapronunciatione
1059 980 1101 1044 ad
1115 983 1234 1046 inferos

278 1077 483 1141 descendisse
506 1090 743 1143 commemorat.
788 1081 956 1164 Interroga
974 1091 1083 1164 patres
1102 1092 1185 1157 tuos,
1201 1094 1234 1148 et

276 1180 519 1242 annunciabunt
529 1180 598 1259 tibi,
609 1181 747 1265 majores
762 1192 845 1258 tuos,
856 1193 888 1246 et
899 1182 1008 1247 dicent
1022 1205 1057 1247 se
1071 1204 1231 1267 nusquam

276 1293 422 1345 sanctum
445 1283 561 1362 legisse
584 1294 774 1347 venatorem.
820 1284 916 1357 Quod
940 1286 967 1348 si
989 1283 1112 1350 nomini
1137 1307 1231 1350 vena-

276 1392 379 1444 torum
403 1381 443 1444 de
465 1383 654 1466 prophetica
676 1387 891 1469 promissione
912 1386 1097 1465 blandiaris,
1112 1409 1178 1472 qua
1195 1408 1231 1451 se
1345 1396 1347 1400 '

278 1492 444 1546 venatores
465 1484 635 1545 missurum
655 1485 816 1547 Dominus
835 1486 1014 1568 pollicetur,
1029 1487 1087 1569 qui
1106 1487 1146 1549 de
1162 1508 1231 1551 um·

276 1583 380 1647 brosis
395 1595 427 1646 et
441 1585 581 1647 excelsis
596 1595 752 1648 venentur
766 1606 926 1663 erroneos,
935 1585 1118 1650 bestialium
1134 1587 1231 1650 vitam

276 1683 404 1747 noveris
421 1685 589 1766 increpari,
610 1706 675 1748 non
698 1684 915 1748 commendari
937 1687 1120 1749 venantium
1142 1689 1230 1750 vani-

277 1798 385 1851 tatem.
446 1788 518 1850 Nec
548 1796 581 1850 te
611 1787 775 1865 Placidus,
805 1789 855 1850 vel
884 1788 1084 1850 Eustachius
1113 1799 1232 1872 martyr

278 1889 408 1972 quidem
426 1889 573 1970 insignis,
588 1911 684 1973 quem
705 1889 745 1953 de
766 1890 832 1971 pia,
854 1911 919 1952 non
943 1900 1051 1954 tamen
1075 1890 1232 1955 canonica

278 1990 435 2074 scriptura
449 1999 615 2052 venantem
631 1988 746 2052 asseris
761 2009 780 2050 a
795 1988 939 2052 Domino
948 1989 1124 2068 visitatum,
1135 1991 1231 2055 nimis

277 2089 465 2168 demulceat,
479 2090 543 2154 nisi
557 2091 637 2155 forte
654 2100 918 2174 persequutorum
933 2091 1094 2155 Ecclesia
1110 2091 1230 2156 rabiem

275 2191 398 2269 laudas,
423 2213 462 2254 eo
489 2190 575 2275 quod
604 2189 679 2252 inde
710 2189 751 2253 ad
777 2191 994 2274 apostolatum
1024 2202 1157 2255 vocatus
1181 2201 1231 2255 est

276 2294 404 2371 Paulus,
414 2303 446 2355 et
460 2293 543 2355 inter
552 2292 632 2355 alios
643 2291 745 2355 factus
757 2301 806 2354 est
817 2291 965 2373 egregius
976 2290 1135 2374 evangelii
1148 2314 1229 2377 pra·

276 2393 407 2458 dicator.
453 2393 519 2458 Sed
542 2392 659 2457 suerint
685 2393 741 2454 viri
763 2393 913 2468 illustres,
936 2393 1113 2457 Alexandri
1137 2395 1228 2473 forte,

277 2497 329 2558 vel
344 2497 497 2577 Caesares,
514 2483 642 2558 venatui
658 2494 777 2572 dediti3
800 2493 949 2576 nunquid
964 2494 1161 2577 philosophi,
1175 2505 1230 2558 aut

276 2599 376 2682 aliqui
392 2598 554 2681 sapientes
568 2592 601 2658 in
617 2593 757 2680 populo?
786 2593 945 2678 Nunquid
956 2595 1115 2672 Socratae,
1124 2595 1228 2673 Plato,

277 2697 475 2775 Aristoteles,
491 2697 624 2773 Seneca,
639 2695 791 2773 Soranus,
803 2704 859 2757 aut
868 2695 926 2778 qui
935 2694 1034 2757 totius
1047 2715 1113 2757 non
1128 2695 1228 2770 urbis,

277 2798 334 2861 sed
358 2799 444 2862 orbis
466 2796 634 2861 evacuavit
655 2797 818 2873 miracula,
841 2797 984 2859 omnium
1006 2797 1101 2860 inse
1127 2795 1228 2860 admi·

274 2901 429 2963 rationem
445 2899 602 2982 sapientia
613 2907 646 2962 et
657 2899 770 2961 virtute
782 2909 983 2976 convertens,
994 2897 1155 2981 Archytas
1164 2897 1228 2962 Ta·

275 2996 438 3062 reatinus?
477 3001 524 3062 Ut
544 2998 711 3061 redeamus
734 2997 934 3073 adnostros,
957 2997 1014 3079 qui
1040 3007 1072 3060 et
1097 2998 1227 3060 veritate

276 3101 442 3178 doctrinae,
459 3101 582 3162 virtutis
604 3100 766 3181 exemplo,
784 3108 817 3160 et
837 3096 916 3158 fidei
937 3097 1125 3159 auctoritate
1147 3118 1228 3179 prae-

276 3203 408 3279 cellunt,
434 3221 515 3284 quos
544 3198 746 3281 Augustinos,
773 3197 1001 3280 Hieronymos,
1027 3197 1229 3276 Laurentius,

277 3303 473 3380 Vincentius,
489 3322 569 3386 quos
590 3299 730 3382 denique
752 3299 792 3362 de
816 3310 882 3362 toto
905 3309 993 3362 coetu
1010 3309 1134 3382 patrum
1151 3319 1225 3363 vex·

274 3405 393 3468 ationis
421 3403 517 3487 hujus
541 3401 670 3483 agitavit
688 3397 843 3464 insania?
882 3402 1071 3463 Nostrorum
1098 3421 1228 3484 quoque

274 3519 453 3589 temporum
479 3503 634 3568 luctuosis
655 3503 840 3566 instruimur
861 3504 1031 3586 exemplis,
1053 3501 1094 3565 ab
1116 3503 1227 3586 hujus-

274 3604 363 3668 modi
377 3601 600 3686 inquietudine
619 3611 804 3682 temperare,
820 3622 921 3684 quum
936 3620 1085 3684 proceres
1100 3612 1227 3664 nostros

274 3707 359 3768 inter
377 3703 558 3768 venandum
570 3703 658 3780 ¹veris
680 3702 837 3785 variisque
856 3703 1027 3780 miraculis,
1047 3701 1227 3782 indignatio

276 3807 386 3870 divina
399 3805 602 3890 percusserit,
616 3803 847 3886 bestialemque
867 3825 954 3886 saepe
973 3802 1153 3865 invenerint
1170 3823 1226 3866 ex·

274 3911 354 3971 itum
366 3908 450 3985 vitae,
459 3907 515 3990 qui
526 3907 602 3968 dum
612 3905 706 3968 licuit
715 3905 887 3968 bestialiter
897 3905 1052 3967 vixerant.
1083 3904 1227 3984 Regibus

275 4031 403 4095 quoque
426 4010 506 4093 ipsis
521 4029 635 4071 manus
657 4007 790 4069 Domini
805 4027 870 4069 non
894 4006 1049 4090 pepercit,
1065 4016 1097 4065 et
1111 4004 1144 4065 in
1161 4025 1226 4067 ma·

273 4111 374 4172 litiam
397 4131 507 4172 eorum
534 4107 727 4189 condignam
754 4119 786 4169 et
813 4106 982 4186 gloriosam
1008 4103 1154 4165 exercuit
1179 4103 1226 4162 ul-

274 4210 402 4275 tionem.
448 4213 524 4273 Non
548 4208 697 4292 equidem
722 4229 830 4271 eorum
851 4208 992 4281 nomina,
1008 4205 1058 4264 vel
1078 4204 1227 4283 exempla
