3309 5309
345 660 407 720 826
609 670 754 716 Josuuss
770 668 1049 714 saansnsmansrs
1168 653 1253 729 [nm.
1269 672 1297 715 v.

346 823 491 910 prodeat,
505 823 624 887 deferat
637 824 770 900 crimen,
781 822 922 886 delatum
933 825 1100 905 approbet,
1112 845 1212 910 quum
1227 844 1298 906 pro·

347 925 478 1000 baverit,
493 936 525 987 et
539 925 703 989 victoriam
719 932 934 1007 reportaturus
945 935 978 988 et
987 926 1132 1007 gloriam.
1166 926 1297 991 Utinam

347 1027 418 1089 hoeo
434 1027 484 1088 vel
498 1025 668 1089 audiantur
683 1046 703 1089 a
723 1025 852 1098 nostris,
867 1046 942 1088 nam
961 1036 996 1089 ut
1011 1038 1176 1091 serventur
1190 1038 1298 1110 optare

348 1127 403 1190 vix
426 1125 540 1190 audeo.
585 1127 675 1199 Quos
694 1126 844 1210 quotiens
865 1127 1050 1207 diligentius
1069 1128 1206 1207 intueor,
1224 1149 1300 1192 eon·

348 1246 495 1292 caesores
509 1225 588 1288 mihi
604 1227 712 1308 potius
730 1224 840 1288 videor
860 1225 979 1304 videre,
994 1248 1092 1310 quam
1106 1228 1247 1313 judiees,
1261 1248 1298 1291 aa

349 1324 441 1391 eiad
466 1325 528 1388 hoa
552 1326 654 1387 solum
682 1323 749 1388 dati
775 1324 848 1400 sint,
871 1333 905 1387 ut
930 1325 1129 1408 provinciam
1151 1326 1298 1412 spolient

350 1425 414 1492 Sed
431 1435 463 1490 et
483 1429 572 1507 leges
592 1426 671 1510 ipsae
692 1436 724 1489 et
739 1425 1002 1504 eonsuetudines,
1017 1429 1134 1512 quibus
1152 1448 1240 1491 nunc
1256 1429 1300 1491 vi·

283 1548 291 1563 ·
350 1531 442 1607 vitur,
464 1529 590 1592 insidiae
616 1539 702 1603 sunt,
725 1541 757 1592 et
778 1528 886 1611 laquei
907 1529 1179 1595 calumniantium.
1223 1531 1302 1595 Ver·

351 1633 466 1695 borum
486 1629 659 1694 tendiculae
682 1640 914 1712 proponuntur,
930 1639 963 1693 et
984 1630 1217 1715 aucupationes
1237 1633 1299 1717 syl-

351 1734 511 1807 labarum
533 1753 580 1795 vae
593 1731 731 1813 simplici
742 1730 798 1814 qui
808 1730 997 1814 syllabizare
1007 1753 1075 1795 non
1083 1732 1190 1797 novit!
1214 1733 1302 1810 Feci,

351 1834 466 1917 inquit,
485 1831 645 1916 judicium
667 1842 700 1897 et
714 1831 884 1915 justitiam,
897 1853 963 1895 non
984 1832 1091 1896 tradam
1111 1855 1165 1898 me
1183 1835 1302 1899 calom-

351 1935 515 1999 niantibus
529 1955 591 1997 me.
629 1936 676 1997 Ae
693 1933 721 1996 si
733 1945 842 2016 aperte
854 1933 962 1998 dicat:
985 1934 1049 2006 Qui
1058 1934 1222 2018 judicium
1232 1957 1302 2020 per·

351 2045 489 2112 vertunt,
503 2044 536 2098 et
544 2034 703 2118 justitiam
719 2033 881 2111 deserunt,
896 2034 1059 2098 tradantur
1069 2020 1304 2115 'calumniatori

352 2138 409 2222 qui
425 2137 509 2200 filios
524 2135 628 2199 Adam
643 2146 717 2200 ante
734 2146 944 2216 conspectum
958 2136 1091 2199 Domini
1108 2146 1241 2201 accusat
1254 2137 1303 2200 dio

353 2260 391 2303 ao
406 2247 511 2300 nocte.
557 2237 687 2317 Legitur
700 2237 734 2299 in
750 2237 833 2299 libro
849 2237 985 2318 Regum,
1000 2237 1042 2300 ad
1057 2239 1241 2302 universum
1256 2240 1302 2302 Is·

352 2340 416 2402 rael
432 2336 554 2399 dixisse
569 2336 769 2400 Samuelem:
804 2338 895 2402 Ecce
917 2337 1153 2402 audivivocem
1169 2350 1303 2405 vestram

348 2440 444 2524 juxta
455 2436 563 2501 omnia
574 2459 646 2520 quae
656 2439 782 2522 loquuti
792 2438 869 2502 estis
880 2440 921 2503 ad
931 2461 993 2517 me,
1004 2451 1036 2505 et
1046 2443 1201 2507 constitui
1211 2463 1305 2526 super

354 2562 411 2605 vos
424 2561 542 2621 regem.
580 2540 625 2603 Et
637 2561 724 2603 nunc
738 2562 793 2604 rex
807 2541 949 2623 graditur
960 2551 1034 2606 ante
1045 2564 1113 2620 vos,
1122 2563 1185 2624 ego
1200 2553 1305 2608 autem

355 2642 447 2708 senui
478 2652 509 2706 et
534 2642 676 2705 incanui.
722 2643 819 2706 Porro
848 2643 907 2706 filii
933 2645 996 2707 mei
1024 2645 1191 2709 vobiscum
1221 2658 1302 2710 sunt.

354 2748 469 2828 Itaque
485 2756 690 2808 conversatus
705 2765 777 2808 sum
793 2765 901 2808 coram
916 2747 1016 2823 vobis,
1031 2747 1073 2811 ab
1088 2747 1305 2812 adolescentia

355 2865 437 2919 mea,
454 2841 610 2926 usquead
626 2843 712 2906 diem
731 2844 824 2907 hanc.
870 2845 960 2908 Ecce
980 2857 1196 2929 praestosum.
1241 2847 1304 2912 Lo-

355 2944 489 3032 quimini
505 2944 545 3006 de
562 2965 612 3007 me
628 2964 735 3007 coram
747 2945 900 3019 Domino,
913 2955 945 3008 et
960 2968 1066 3011 coram
1081 2948 1213 3013 Christo
1227 2949 1304 3034 ejus,

355 3057 461 3112 utrum
491 3046 606 3109 bovem
637 3045 826 3129 cujusquam
861 3047 999 3126 tulerim,
1027 3060 1083 3112 aut
1111 3051 1248 3125 asinum,
1279 3051 1305 3114 si

356 3143 539 3227 quempiam
563 3143 773 3208 calumniatus
795 3164 878 3218 sum,
893 3142 920 3207 oi
943 3144 1088 3227 oppressi
1109 3147 1261 3230 aliquem,
1280 3147 1306 3211 si

356 3243 397 3308 de
421 3265 519 3308 manu
545 3244 734 3328 cujusquam
756 3265 873 3307 munus
897 3245 1021 3328 accepi,
1042 3254 1076 3310 et
1102 3258 1306 3312 contemnam

355 3344 435 3407 illud
451 3344 558 3420 hodie,
569 3344 798 3428 restituamque
808 3344 909 3408 vobis.
945 3345 975 3408 0
989 3345 1143 3428 pudicum
1155 3348 1306 3426 animum,

356 3444 616 3508 ocontinentem
643 3465 784 3523 manum,
808 3465 827 3507 ο
849 3444 995 3528 judicem
1021 3446 1253 3532 incorruptum,
1275 3458 1306 3512 et

356 3567 469 3613 vocem
492 3544 707 3628 magnificam,
727 3546 962 3626 admirandam,
976 3558 1009 3612 et
1028 3549 1216 3615 imitandam
1236 3551 1305 3614 uni·

355 3649 463 3726 versis,
480 3668 553 3731 quae
571 3646 611 3711 de
628 3647 825 3712 conscientia
839 3668 920 3731 pura
935 3649 980 3712 sic
995 3645 1155 3734 loquitur!
1188 3653 1305 3736 quui-

355 3748 434 3811 mini
450 3748 490 3810 de
500 3770 551 3810 me
564 3769 671 3812 coram
686 3750 826 3812 Domino
838 3759 871 3814 et
880 3750 1008 3814 Christo
1018 3750 1097 3835 ejus,
1108 3753 1165 3836 qui
1176 3754 1210 3816 in
1225 3754 1306 3817 ooelo

356 3860 389 3913 et
418 3858 500 3910 terra
523 3845 653 3928 judices
678 3849 837 3932 judicant.
884 3852 1081 3936 Loquimini,
1110 3855 1255 3939 inquam,
1280 3854 1308 3918 si

355 3953 471 4015 bovem
487 3945 675 4029 cujusquam
690 3961 745 4012 aut
759 3952 883 4016 asinum
899 3953 1033 4017 tulerim.
1078 3955 1201 4040 Utique
1219 3957 1308 4020 villas

355 4063 387 4117 et
401 4048 534 4136 praedia,
549 4057 604 4112 aut
619 4049 776 4115 immensa
796 4054 941 4134 pondera
955 4056 1022 4119 auri
1037 4057 1087 4119 vel
1103 4058 1238 4141 argenti,
1254 4069 1307 4122 eut

356 4155 504 4240 pretiosae
519 4149 731 4234 supellectilis
746 4174 844 4218 onera
859 4178 924 4220 oon
935 4167 1119 4234 extorserat,
1130 4160 1187 4242 qui
1201 4160 1306 4243 magni

355 4256 523 4340 reputabat
539 4253 682 4339 judicem
705 4257 820 4321 bovem
841 4259 984 4324 oblatum
999 4260 1166 4344 accepisse
1182 4263 1233 4326 vel
1247 4262 1306 4326 asi-
