3309 5309
352 658 412 720 112
612 670 747 717 Jonnnrs
764 669 1040 715 strassenrausrs
1166 650 1247 734 [nm.
1264 669 1302 716 11.

348 823 502 893 infinitus,
519 823 577 886 nisi
593 822 680 908 apud
703 822 858 885 infinitam
881 823 1066 907 sapientiam
1088 821 1159 884 Dei.
1207 821 1304 884 Inde-

348 926 455 990 ficiens
472 948 549 1010 ergo
569 926 699 989 scientia
719 938 777 999 est,
793 924 846 986 cui
866 922 944 985 nihil
964 945 1074 986 eorum
1098 922 1249 1000 elabitur,
1270 936 1303 986 et

347 1028 477 1090 omnino
491 1040 698 1111 augmentum
719 1048 782 1089 non
801 1026 925 1111 recipit,
941 1048 1014 1109 quae
1033 1047 1071 1087 ea
1088 1024 1195 1087 omnia
1217 1047 1303 1088 com-

348 1128 526 1214 prehendit.
586 1126 754 1192 Rationem
788 1149 862 1189 vero
892 1149 1013 1205 eorum,
1038 1149 1113 1210 quae
1143 1127 1234 1190 Deus
1259 1127 1302 1191 ab

349 1244 468 1296 aeterno
503 1232 534 1295 in
573 1231 738 1317 sapientia,
775 1230 808 1294 id
840 1243 898 1309 est,
934 1229 965 1292 in
1002 1228 1168 1313 unigenito
1203 1230 1301 1293 verbo

348 1333 516 1419 disposuit,
544 1356 652 1396 creans
681 1333 725 1397 ibi
757 1333 863 1395 omnia
898 1330 1003 1407 simul,
1034 1354 1129 1417 quarn
1163 1346 1303 1416 postmo-

348 1434 425 1498 dum
461 1446 692 1518 consequenter
727 1432 875 1518 producit
913 1433 946 1495 in
983 1454 1090 1518 opera,
1126 1432 1302 1496 secundum

347 1535 508 1620 provisum
531 1533 674 1596 ordinem
697 1532 822 1618 singula
845 1532 1016 1595 traducens
1042 1555 1061 1595 a
1086 1533 1302 1616 generatione,

348 1659 413 1721 qua
428 1635 580 1722 incipiunt
597 1658 663 1699 esse
682 1658 740 1719 per
756 1647 884 1712 sortem,
898 1656 964 1718 qua
980 1633 1135 1697 fluctuare
1151 1632 1303 1697 videntur

347 1739 472 1802 casibus
494 1737 534 1801 ad
557 1738 805 1821 corruptionem,
821 1759 894 1820 quae
917 1736 1009 1820 quasi
1032 1734 1188 1799 existendi
1213 1735 1301 1800 iilum

347 1839 572 1925 praescindens,
588 1837 726 1901 retrudit
749 1837 790 1901 ad
813 1859 876 1899 non
900 1859 977 1915 esse,
997 1837 1113 1899 Parcas
1136 1835 1186 1899 vel
1211 1837 1304 1916 Fata,

348 1939 486 2025 antiquis
515 1937 637 2023 placuit
667 1936 833 2022 appellari,
864 1960 901 1998 eo
939 1936 1026 2021 quod
1059 1938 1304 2001 constitutiones

348 2039 558 2126 providentiae
583 2038 657 2116 Dei,
680 2039 758 2125 quin
782 2038 908 2102 effectui
930 2039 1163 2125 mancipentur,
1188 2039 1303 2102 nemini

348 2154 491 2228 parcant,
508 2153 539 2204 et
555 2163 574 2203 a
589 2141 687 2204 verbo
703 2140 776 2215 Dei,
793 2163 857 2225 quo
873 2141 1066 2205 aeterualiter
1079 2141 1187 2203 omnia
1208 2141 1304 2220 dixit,

348 2257 380 2308 et
409 2243 495 2307 facta
527 2255 614 2320 sunt,
644 2242 839 2305 executionis
868 2243 1103 2306 firmamentum
1136 2243 1303 2328 accipiant.

349 2346 447 2411 Unde
462 2343 589 2411 Stoicus
603 2345 708 2407 omnia
728 2345 903 2409 necessaria
925 2344 1037 2420 credit,
1054 2345 1169 2408 timens
1191 2367 1303 2408 eracu-

348 2449 393 2512 ari
408 2469 499 2530 posse
511 2445 672 2509 scientiam
684 2445 924 2510 immutabilem.
964 2447 993 2509 E
1006 2458 1115 2510 contra
1128 2446 1302 2531 Epicurus,

348 2571 456 2612 eorum
473 2571 546 2635 quae
561 2546 711 2611 eveniunt
733 2546 812 2610 nibil
831 2547 1040 2633 providentia·
1055 2547 1177 2611 ratione
1192 2548 1302 2634 dispo·

348 2650 456 2730 situm,
464 2672 504 2712 ne
513 2649 596 2714 sorte
605 2648 823 2714 necessitatem
835 2648 1042 2712 mutabilibus
1053 2648 1149 2712 rebus
1158 2648 1302 2726 inducat,

347 2752 506 2838 opinatur.
565 2750 638 2816 Pari
661 2773 738 2834 ergo
766 2772 871 2813 errore
892 2749 1066 2835 desipiunt,
1097 2773 1199 2835 quum
1222 2749 1303 2814 alter

347 2854 443 2929 casui,
468 2852 548 2917 alter
574 2851 753 2916 necessitati
778 2851 927 2915 universa
952 2851 1110 2936 subjiciat.
1157 2850 1302 2916 Mutabi-

346 2955 425 3020 lium
438 2955 535 3041 igitur
550 2976 656 3018 rerum
669 2953 846 3037 dispositio,
859 2953 1065 3018 immutabilis
1076 2967 1142 3030 est;
1168 2966 1199 3017 et
1212 2966 1303 3017 aeter-

347 3080 397 3121 nae
413 3056 621 3144 providentiae
643 3054 851 3120 immutabilis
874 3067 987 3132 status,
1002 3057 1142 3118 omnium
1167 3053 1304 3118 mutabi-

347 3157 425 3222 lium
441 3159 580 3222 continet
593 3177 733 3219 cursum.
778 3157 887 3231 Quum
897 3178 971 3218 vero
982 3153 1051 3239 ipsa
1062 3155 1103 3218 ab
1112 3153 1301 3217 aeternitatis

347 3284 413 3325 suae
429 3274 514 3325 statu
530 3258 648 3323 moveri
663 3281 722 3322 non
740 3259 851 3343 possit,
864 3257 1116 3340 contingentium
1132 3257 1245 3320 seriem
1263 3253 1304 3317 ab

346 3364 433 3424 omni
455 3384 540 3424 nexu
563 3360 757 3423 necessitatis
779 3360 927 3423 absolvit.
973 3361 1017 3422 Et
1042 3358 1114 3422 licet
1136 3357 1193 3421 lux
1217 3357 1301 3420 inac-

346 3460 498 3525 cessibilis
524 3462 685 3545 sapientiae
716 3461 778 3523 Dei
809 3461 957 3524 humanae
984 3460 1123 3523 scientiae
1154 3460 1301 3522 tenebras

346 3558 635 3644 incomparabiliter
649 3560 827 3636 antecedat,
843 3574 888 3624 est
906 3575 1010 3625 tamen
1027 3559 1058 3622 in
1081 3583 1148 3644 quo
1163 3556 1303 3622 claritati

346 3660 440 3736 illius,
450 3660 593 3745 caliginis
604 3674 719 3725 nostrae
730 3661 842 3726 oculus
853 3663 959 3748 quoad
970 3661 1092 3746 aliquid
1105 3672 1302 3745 coaequatur.

348 3763 438 3828 Sicut
460 3763 543 3825 enim
567 3763 653 3847 quod
677 3764 769 3828 video
791 3765 967 3845 imminere,
988 3767 1078 3828 nulla
1099 3786 1139 3827 ex
1163 3786 1201 3827 co
1224 3762 1303 3847 quia

347 3863 485 3938 videtur,
498 3864 681 3928 necessitate
697 3866 872 3951 proveniet,
886 3867 929 3929 sic
942 3884 973 3930 et
990 3864 1079 3950 quod
1091 3864 1178 3927 illius
1190 3863 1303 3927 oculus

346 3966 591 4051 contemplatur,
622 3989 683 4029 non
714 3981 761 4031 est
791 3971 999 4033 necessarium
1031 3967 1167 4031 evenire.
1229 3965 1302 4028 Scio

346 4066 494 4152 equidem
512 4065 648 4150 lapidem
666 4066 714 4129 vel
738 4067 897 4152 sagittam,
915 4092 1009 4154 quam
1033 4068 1065 4131 in
1090 4067 1192 4130 nubes
1209 4066 1303 4152 jacu-

347 4167 432 4231 latus
453 4191 536 4243 sum,
553 4165 701 4250 exigente
723 4179 839 4231 natura
861 4191 1036 4233 recasuram
1062 4169 1094 4232 in
1118 4181 1247 4246 terram,
1268 4166 1301 4228 in

347 4292 442 4355 quarn
464 4270 612 4335 feruntur
633 4269 739 4333 omnia
760 4284 840 4334 nutu
865 4295 922 4335 suo
945 4270 1099 4356 pondera,
1112 4291 1171 4332 nec
1195 4280 1302 4334 tamen
