3309 5309
246 652 303 697 car.
319 636 442 715 xxm]
579 655 831 701 roaxcaarrcus.
1131 650 1189 707 148

243 803 393 888 abjecerat
419 803 618 884 innocentiae,
642 806 699 892 qui
725 807 862 892 justitiae
893 821 1070 874 mutaverat
1096 811 1190 874 indu·

244 918 393 981 mentum,
410 906 553 970 vestibus
572 906 700 971 honoris
715 922 746 973 et
761 909 872 994 gloriae
888 933 949 974 non
966 911 1077 978 debuit
1093 913 1192 996 insig-

241 1008 304 1073 niri.
356 1010 402 1074 Et
418 1008 497 1073 abiit
524 1009 636 1095 utique
664 1024 734 1096 post
758 1034 842 1089 eum,
869 1013 926 1099 qui
954 1036 1015 1077 non
1042 1015 1130 1080 stetit
1158 1016 1190 1079 in

216 1160 219 1168 .
240 1110 380 1190 veritate,
395 1122 428 1174 et
450 1110 516 1174 duo
531 1110 591 1176 viri
613 1134 687 1177 cum
710 1137 759 1187 eo,
776 1113 923 1199 equidem
948 1114 1135 1181 innominati
1159 1127 1190 1181 ct

241 1209 488 1288 innominabiles,
514 1211 572 1296 qui
596 1211 645 1275 vol
672 1235 779 1297 regem
810 1216 851 1278 ad
879 1228 998 1280 tantam
1024 1216 1190 1301 perfidiam

240 1334 297 1377 non
314 1312 492 1376 reluctante
506 1311 569 1375 fide
584 1312 735 1398 prosequi
750 1325 937 1399 potuerunt.
979 1317 1191 1404 Duorumque

241 1435 291 1476 rex
307 1412 457 1476 decenter
472 1412 610 1498 stipatur
625 1412 788 1489 comitatu,
805 1413 881 1478 dum
898 1436 917 1476 a
933 1436 1056 1478 summa
1070 1429 1102 1481 et
1118 1438 1194 1480 vera

240 1514 360 1577 unitate
381 1511 550 1578 recederet.
597 1513 825 1599 Veneruntque
846 1514 886 1577 ad
910 1514 1072 1579 mulierem
1089 1529 1192 1598 nocte,

240 1628 313 1701 apto
345 1614 458 1700 utique
488 1628 641 1700 tempore,
670 1614 710 1677 de
739 1629 841 1679 morte
867 1638 991 1699 regum,
1016 1616 1056 1679 de
1086 1631 1192 1703 strage

240 1716 361 1803 populi,
388 1716 428 1780 de
452 1715 540 1782 luctu
564 1716 693 1803 publico
717 1739 789 1780 cum
817 1718 1019 1781 tenebrarum
1051 1718 1194 1806 principe

241 1819 417 1885 tractaturi.
463 1819 515 1884 Sic
529 1832 561 1883 et
584 1819 731 1885 Salomon
755 1834 846 1884 nocte
869 1819 989 1884 dicitur
1007 1819 1193 1904 sapientiam

241 1922 407 2008 accepisse,
423 1921 479 2008 qui
494 1944 600 1985 amore
623 1921 792 1986 mulierum
815 1921 947 1986 allectus
963 1936 995 1987 et
1010 1935 1192 2009 corruptus,

240 2046 257 2087 a
287 2023 427 2088 Domino
457 2036 525 2089 erat
561 2048 750 2089 recessurus.
808 2026 922 2089 Petrus
952 2048 1084 2110 quoque
1113 2024 1192 2088 dum

241 2125 340 2190 calore
367 2124 442 2189 fidei
466 2123 652 2198 destitutus,
676 2123 861 2189 calefaceret
885 2149 916 2189 se
943 2125 982 2188 ad
1009 2147 1127 2211 prunas
1153 2126 1194 2190 dc

241 2238 341 2305 nocte,
358 2226 467 2314 lapsus
482 2239 530 2292 est
546 2226 577 2290 in
593 2226 769 2313 perfidiam,
784 2239 816 2291 et
832 2251 899 2291 eam
917 2227 1046 2292 crimine
1063 2227 1194 2317 perjurii

242 2330 314 2396 fecit
329 2329 495 2415 insignem.
540 2328 604 2394 Alii
625 2328 720 2392 etiam
736 2328 883 2415 discipuli
901 2329 1013 2393 timore
1030 2329 1192 2414 prostrati,

242 2444 383 2516 tempore
397 2443 553 2493 nocturno
565 2428 729 2513 fugerunt.
760 2430 805 2492 Et
821 2428 865 2493 ait
879 2430 954 2493 Saul
972 2430 1009 2493 ad
1028 2431 1192 2496 mulierem
1239 2408 1252 2431 ⁸

242 2533 398 2612 (mulieres
406 2531 490 2595 euim
500 2530 701 2617 frequentius
712 2529 843 2617 spiritus
857 2531 1056 2617 Pythonicus
1068 2532 1193 2617 implet)

242 2634 358 2699 Divina
372 2633 451 2698 mihi
467 2631 498 2696 in
515 2632 673 2717 Pythone,
690 2645 722 2695 et
744 2630 862 2694 suscita
877 2629 953 2692 mihi
970 2653 1066 2715 quem
1083 2630 1195 2694 dixero

242 2735 305 2801 tibi.
354 2735 443 2821 Lege
465 2735 575 2810 libros,
597 2733 722 2798 revolve
745 2731 903 2811 historias,
924 2744 1065 2794 scrutare
1087 2754 1195 2796 omnes

242 2836 374 2923 angulos
394 2840 637 2923 scripturarum,
652 2856 809 2920 nusquam
833 2834 899 2897 fere
922 2833 954 2896 in
977 2832 1061 2896 bona
1076 2832 1195 2918 signifi·

242 2939 362 3005 catione
374 2938 600 3003 divinationem
614 2938 763 3001 invenies.
795 2936 890 3002 Unde
903 2934 1075 3021 prophetas
1090 2957 1197 3021 repro-

242 3040 297 3106 bos
311 3041 507 3106 divinatores
522 3063 584 3104 nou
602 3040 775 3126 prophetas
791 3062 869 3116 esse,
887 3037 1046 3123 scriptura
1061 3059 1195 3100 comme·

242 3156 356 3222 morat,
381 3143 492 3230 quales
520 3143 651 3207 fuerunt
684 3141 849 3227 prophetae
881 3139 1007 3215 Achab,
1035 3137 1092 3224 qui
1122 3160 1195 3203 eum

243 3244 382 3311 Domino
396 3244 613 3333 permittente,
625 3242 830 3328 exigentibus
845 3240 966 3304 meritis
983 3240 1077 3304 variis
1092 3239 1198 3303 ludifi-

243 3345 423 3412 cationibus
441 3344 644 3410 seducebant.
690 3342 839 3428 Denique
862 3342 955 3426 juxta
978 3341 1110 3405 verbum
1133 3345 1199 3405 Do·

244 3448 320 3513 mini
342 3470 489 3534 egressus
510 3461 557 3512 est
581 3445 712 3533 spiritus
737 3443 889 3519 mendax,
913 3455 944 3506 et
967 3442 1072 3508 factus
1094 3456 1140 3507 est
1164 3443 1196 3507 in

242 3573 296 3614 ore
306 3548 451 3614 omnium
462 3549 690 3635 prophetarum
708 3546 823 3610 Achab
834 3566 1000 3608 ascensuro
1011 3544 1043 3608 in
1057 3545 1196 3609 Rxmoth

243 3650 380 3730 Galaad,
409 3650 450 3715 ad
486 3672 638 3737 prospera
673 3646 938 3735 promittendum,
968 3645 1035 3709 solo
1070 3646 1199 3711 Michea

243 3752 414 3819 Morastite
443 3751 644 3831 reclamante,
674 3749 731 3836 qui
761 3748 905 3812 conscius
935 3746 1035 3811 divini
1066 3748 1200 3829 consilii,

246 3854 343 3919 Israel
359 3876 456 3940 quern
479 3852 657 3939 dispersum
681 3852 712 3915 in
735 3850 896 3915 montibus
913 3849 1046 3929 viderat,
1061 3871 1200 3936 praemu·

243 3955 335 4033 nivit,
355 3977 458 4019 caesus
478 3954 521 4018 ob
544 3965 658 4019 amatoe
676 3950 818 4016 veritatis
836 3951 996 4035 judicium
1017 3951 1058 4015 ab
1077 3975 1125 4027 eo,
1142 3950 1198 4036 qui

242 4057 392 4124 assumtis
414 4056 565 4120 cornibus
584 4054 693 4119 ferreis
717 4052 860 4117 dixerat:
893 4054 955 4118 His
976 4043 1032 4115 rex
1048 4052 1200 4115 comibus

246 4158 371 4244 Syriam
390 4154 567 4223 ventilabis.
612 4156 772 4219 Praeterea
794 4152 951 4217 divinatio
967 4152 1031 4215 fere
1051 4150 1116 4213 sine
1135 4170 1201 4215 mu·

244 4284 317 4326 nere
340 4282 405 4324 non
428 4258 535 4338 fiebat,
558 4269 672 4342 utpore
692 4278 764 4339 quae
779 4253 811 4317 in
832 4251 975 4317 avaritiae
995 4263 1026 4314 et
1048 4247 1200 4333 nequitiae
