3309 5309
500 628 641 676 cAP.
672 613 827 694 xm]
1179 630 1686 678 PoLYcRAncns.
2319 623 2401 680 47

494 777 938 863 geomantiam,
971 781 1332 870 multasque
1371 783 1608 870 species
1649 781 1893 847 videbis
1925 805 2004 846 ex
2047 782 2144 848 his
2174 785 2399 870 capiti-

486 879 621 944 ·bus
670 883 1011 967 pullulare,
1053 885 1184 949 sive
1226 899 1383 966 arte,
1428 889 1561 950 sive
1619 886 1836 949 furore
1894 884 2203 950 divinatio
2261 908 2403 972 per-

498 996 764 1067 agatur:
833 1006 1103 1071 quarum
1159 988 1431 1069 nomina,
1475 987 1748 1073 exempli
1796 1010 2007 1067 causa,
2053 987 2152 1051 vel
2198 1011 2404 1074 pauca

499 1085 851 1172 subjiciam.

501 1356 661 1439 Cap.
721 1359 818 1419 12.
889 1359 1019 1432 Qui
1074 1361 1210 1421 sint
1264 1361 1721 1434 incantatores,
1782 1360 1989 1436 arioli,
2046 1360 2400 1440 aruspice&

580 1459 851 1551 ρΙΨΞιζοὶ,
873 1461 1182 1537 vultivoli,
1210 1462 1602 1541 imaginarii,
1634 1460 2027 1538 conjectores,
2058 1461 2409 1524 chiroman-

588 1558 722 1631 tici,
764 1560 1128 1639 specularii,
1166 1560 1617 1635 mathematici,
1645 1561 2063 1636 salissatores,
2101 1561 2407 1642 sortilegi,

591 1678 899 1740 augures.

589 1801 1098 1864 INGANTATORES
1126 1799 1386 1885 quidem
1419 1813 1586 1882 sunt,
1609 1799 1723 1885 qui
1752 1813 1950 1864 artem
1984 1800 2192 1865 verbis
2222 1822 2407 1866 exer-

502 1912 664 1965 cent.
755 1900 974 1975 Arioli,
1035 1901 1147 1987 qui
1207 1901 1380 1966 circa
1437 1924 1578 1965 aras
1633 1901 1942 1966 nefandas
1999 1924 2237 1987 preceS,
2294 1917 2407 1967 aut

505 2014 796 2065 execrata
836 2003 1138 2067 sacrificia
1176 2001 1444 2081 faciunt,
1486 2003 1548 2067 in
1599 2026 1870 2089 quorum
1915 2004 2267 2069 cervicibus
2310 2019 2405 2069 est

508 2126 729 2168 manus
771 2106 1054 2184 Domini,
1091 2106 1342 2171 dicente
1371 2107 1720 2194 propheta:
1783 2107 2037 2173 Ariolos
2079 2120 2143 2173 et
2188 2128 2408 2191 magos

507 2229 629 2269 non
661 2206 917 2291 patieris
948 2209 1176 2274 vivere.
1247 2209 1594 2295 Aruspices
1624 2222 1774 2273 sunt
1804 2210 2193 2295 inspectores
2220 2209 2408 2273 hora·

507 2332 668 2385 rum,
729 2311 1206 2395 praescribentes
1266 2312 1419 2397 quid
1480 2335 1609 2397 qua
1668 2311 1827 2376 hora
1885 2313 2025 2377 fieri
2084 2311 2407 2397 expediat,

505 2435 776 2497 quorum
806 2436 1080 2478 errorem
1121 2415 1449 2479 damnavit
1479 2413 1828 2500 Apostolus
1858 2413 2107 2478 dicens:
2174 2413 2406 2477 Timeo

508 2537 587 2578 ne
615 2516 854 2580 frustra
887 2515 1305 2582 laboraverim
1340 2518 1406 2580 in
1448 2516 1649 2588 vobis,
1683 2515 2035 2580 observatis
2071 2515 2237 2579 enim
2274 2514 2410 2580 dies

508 2629 575 2682 et
604 2640 820 2695 annos,
850 2632 915 2683 et
945 2641 1189 2682 menses
1216 2632 1282 2684 et
1314 2632 1623 2703 tempora,
1654 2640 1861 2704 quum
1888 2615 2158 2681 felicitas
2201 2615 2411 2700 operis

509 2742 634 2784 non
660 2743 697 2782 a
718 2730 1027 2806 tempore,
1052 2720 1165 2784 sed
1193 2744 1233 2784 a
1253 2719 1503 2784 nomine
1529 2718 1794 2784 Domini
1817 2717 2046 2783 debeat
2068 2716 2412 2803 expectari.

507 2822 919 2908 Aruspicium-
969 2846 1230 2910 quoque
1280 2826 1347 2888 in
1408 2836 1700 2888 extorum
1761 2823 2153 2908 inspectione
2211 2819 2408 2906 viget,

505 2947 700 3010 quam
746 2939 945 2990 artem
980 2929 1196 3011 Tages
1233 2925 1498 3012 quidam
1524 2925 1759 2991 dicitur
1802 2923 2131 2988 invenisse.
2214 2922 2406 2988 Unde

518 3027 821 3090 Lucanus
841 3051 856 3091 ε

794 3133 1061 3192 Fibris,sit
1082 3134 1226 3186 nulla
1249 3133 1402 3199 fides,
1428 3134 1520 3187 sed
1546 3133 1777 3186 conditor
1798 3133 1927 3184 artis

725 3219 967 3272 Finxerit
987 3219 1090 3272 ista
1113 3219 1310 3287 Tages.

506 3317 830 3381 Extorum
883 3337 1033 3379 vero
1084 3317 1334 3379 nomine
1384 3327 1721 3378 censentur
1763 3315 1995 3391 omnia,
2041 3335 2187 3399 quae
2240 3317 2407 3380 cutis

511 3418 920 3484 extremitate
951 3429 1277 3502 teguntur.
1368 3417 1475 3480 Ex
1505 3438 1637 3502 quo
1672 3415 1868 3501 liquet
1910 3438 2017 3479 eos
2056 3439 2189 3480 esse
2231 3439 2411 3481 arus·

511 3521 706 3608 piceS,
760 3523 874 3608 qui
936 3520 1361 3589 vaticinantur
1410 3520 1474 3584 in
1528 3519 1777 3584 ossibus
1834 3519 2226 3601 animalium,
2277 3520 2412 3585 sive

496 3623 864 3710 sanguine?
935 3625 1070 3688 sive
1119 3623 1344 3688 futura
1386 3623 1845 3710 praenuncient,
1893 3622 2023 3687 sive
2073 3624 2413 3710 praesentia

509 3730 949 3813 pronuncient,
975 3727 1074 3791 vel
1103 3729 1445 3813 praeterita.
1525 3725 1909 3791 Vaticinium
1943 3725 2257 3812 siquidem
2290 3738 2410 3801 est,

512 3854 666 3918 quc,
693 3853 838 3894 cum
877 3829 1296 3915 intelligentia
1340 3831 1496 3903 veri,
1541 3829 1913 3894 abscondita
1955 3828 2409 3916 proferuntur:

511 3954 711 4019 quum
735 3945 799 3998 et
821 3932 1224 4020 prophetiam
1247 3955 1371 3996 non
1396 3930 1587 3996 modo
1615 3930 1697 3995 de
1725 3930 1965 3999 futuris
1982 3941 2231 3996 constet
2254 3952 2414 4008 esse,

511 4034 620 4098 sed
651 4034 733 4099 de
760 4034 1202 4122 praesentibus»,
1231 4045 1296 4098 et
1325 4033 1582 4110 futuris,
1613 4045 1679 4100 et
1716 4033 2074 4120 praeteritis.
2141 4029 2235 4115 ‚Si
2264 4052 2415 4115 vero

511 4135 893 4202 adhibeatur
943 4141 1220 4223 sanguiS,
1275 4135 1356 4200 ad
1409 4136 1898 4203 necromantiam
1942 4140 2078 4224 jam
2134 4128 2415 4204 accedit}
2495 4136 2511 4152 “

515 4262 658 4324 quae
680 4239 829 4304 inde
849 4239 1103 4316 dicitur,
1130 4237 1302 4323 quod
1328 4250 1463 4303 tota
1486 4237 1550 4301 in
1574 4248 1966 4304 mortuarum
1994 4228 2287 4319 inquisit*
