3309 5309
386 676 447 738 152
628 689 764 733 Josnms
780 688 1061 732 saansaanmusrs
1145 717 1149 725 .
1198 667 1283 746 [mn.
1300 684 1337 728 11.

386 862 536 914 errorem,
558 841 615 926 qui
637 839 677 902 ad
701 837 904 901 minuendam
927 836 1108 900 daemonum
1134 846 1337 921 potestatem,

387 957 420 1006 et
436 942 476 1004 ad
493 941 746 1016 distrahendum,
762 940 850 1026 quod
867 939 985 1003 habent
999 960 1073 1002 cum
1089 937 1227 1010 homine,
1249 935 1341 999 fami·

389 1041 535 1106 liaritatis
557 1041 779 1105 commercium
803 1039 941 1104 instituti
964 1051 1050 1114 sunt,
1073 1053 1247 1125 carentque
1268 1059 1340 1122 pro-

389 1141 468 1226 priae
486 1141 613 1205 virtutis
632 1139 756 1218 effectu,
771 1139 828 1211 nisi
853 1139 884 1202 in
905 1138 1009 1222 digito
1028 1139 1089 1203 Dei
1110 1137 1339 1203 convalescant.

388 1245 488 1307 Porro
511 1242 642 1328 spiritus
665 1256 791 1305 sanctus
813 1241 991 1325 disciplinae
1012 1241 1125 1322 effugit
1140 1240 1280 1312 ·fictum;
1307 1247 1338 1300 et

385 1366 502 1428 corpus
526 1345 663 1428 peccatis
686 1342 862 1415 subditum,
886 1343 934 1404 sui
957 1365 1024 1405 esse
1045 1339 1266 1407 habitaculum
1286 1337 1339 1402 de·

386 1442 547 1528 dignatur.
582 1442 744 1529 Quicquid
758 1466 832 1506 vero
848 1443 1032 1528 hujusmodi
1047 1454 1174 1526 agatur,
1189 1438 1338 1502 fictitium

386 1558 484 1609 estet
507 1545 753 1630 phantasticum,
775 1556 808 1607 et
829 1542 972 1607 veritatis
994 1542 1205 1607 substantiam
1229 1539 1337 1602 nescit.

388 1647 523 1709 Videtur
537 1646 667 1732 quidem
683 1644 802 1722 adesse,
816 1643 892 1708 dum
910 1643 1057 1729 precibus
1072 1655 1103 1707 et
1123 1640 1338 1705 oblationibus

386 1747 564 1823 invocatur,
587 1761 619 1812 et
641 1746 756 1810 effectu
779 1744 969 1831 petitionum
996 1754 1218 1830 persequente,
1244 1739 1338 1804 sacri·

386 1847 493 1932 legum
510 1849 644 1912 errantis
659 1847 772 1911 animae
787 1845 979 1910 desiderium
996 1844 1202 1930 adimpletur.
1238 1843 1336 1908 Abest

386 1963 492 2012 autem
517 1961 581 2013 tam
606 1948 708 2033 longe,
728 1962 764 2012 ut
788 1947 952 2010 subtracta
974 1946 1075 2010 tutela
1098 1946 1160 2022 sui,
1180 1967 1336 2029 eosquos

386 2048 520 2133 perfidia
535 2060 623 2112 tanta
642 2050 796 2132 exagitat,
813 2049 908 2111 variis
929 2045 1200 2110 ludificationibus
1222 2046 1337 2110 daemo-

386 2170 474 2228 num,
490 2147 574 2213 trahi
591 2149 743 2212 sustineat
759 2149 799 2212 ad
820 2148 1007 2231 gehennam.
1054 2149 1094 2210 Se
1116 2147 1276 2232 siquidem
1297 2146 1337 2210 ad

387 2249 570 2332 hujusmodi
587 2248 709 2332 flagitia
721 2250 887 2334 prohibuit
903 2248 1030 2313 invitari
1046 2247 1176 2333 publica
1189 2270 1266 2311 voce
1276 2249 1336 2311 Ec·

385 2350 498 2429 clesiae,
514 2349 666 2412 adversus
680 2373 776 2435 quam
793 2371 851 2412 nec
866 2364 968 2436 portae
979 2348 1090 2414 inferni
1107 2348 1338 2435 praevalebunt.

385 2454 492 2528 Quum
509 2475 585 2536 ergo
602 2452 848 2536 Spiritussancti
859 2452 974 2537 gratia,
985 2453 1159 2516 auctoritas
1172 2450 1335 2527 Ecclesia,

384 2552 571 2638 improbatis
594 2553 793 2618 subtrahitur
814 2552 1007 2629 exorcismis,
1032 2553 1087 2638 qui
1114 2553 1160 2616 eis
1181 2575 1248 2617 nou
1272 2568 1335 2617 tam

385 2667 523 2720 utuntur
537 2677 634 2740 quam
650 2655 839 2729 abutuntur,
855 2655 1021 2719 offendunt
1044 2655 1076 2718 in
1093 2643 1255 2739 spiritum,
1271 2678 1335 2740 quo

385 2755 561 2831 recedente,
584 2757 655 2842 ejus
678 2756 737 2820 sibi
762 2757 908 2821 nituntur
935 2756 1086 2822 virtutem
1113 2769 1145 2821 et
1167 2756 1335 2821 efficaciam

384 2858 529 2921 retinere.

385 3115 463 3196 Cap.
488 3116 538 3177 28.
580 3115 632 3177 De
656 3115 857 3196 speculariter,
878 3123 910 3178 et
935 3117 1020 3196 quod
1041 3117 1178 3197 malipui
1200 3117 1335 3198 spiritus

425 3217 588 3279 interdum
600 3217 727 3298 futura
749 3223 1014 3297 praenoscentes
1032 3217 1070 3278 de
1083 3217 1263 3279 subtilitate
1276 3236 1333 3278 ua-

427 3326 521 3393 lere,
537 3328 569 3380 et
588 3321 684 3398 loupa
704 3321 900 3400 eaperieutia
924 3321 1083 3400 temporis,
1099 3328 1132 3382 et
1144 3321 1334 3382 revelatione

425 3422 626 3501 superiorum
634 3427 837 3501 potestatum,
850 3428 881 3483 et
892 3423 1069 3504 quadrupe
1083 3422 1259 3503 decipiunt,
1275 3425 1334 3484 aut

426 3523 625 3602 decipientes,
648 3529 707 3584 aut
732 3523 865 3604 decepti,
888 3530 919 3585 et
940 3524 1024 3604 quod
1041 3525 1238 3605 speculariae
1251 3524 1333 3584 niele

428 3621 612 3684 indubitate
628 3630 816 3702 sequuntur.

427 3752 584 3816 Fausraa
614 3753 673 3816 sibi
700 3754 865 3839 specularii
889 3754 1109 3836 blandiuntur,
1135 3755 1224 3840 quod
1254 3754 1332 3820 nihil

383 3851 558 3928 immolant,
585 3854 665 3917 nulli
691 3869 816 3937 nocent,
844 3857 960 3943 saepius
982 3870 1116 3942 prosunt
1144 3856 1223 3920 dum
1246 3857 1333 3922 furta

382 3953 547 4037 detegunt,
568 3954 727 4018 maleficiis
748 3972 886 4041 purgant
909 3960 1030 4034 orbem,
1046 3973 1077 4023 et
1101 3958 1198 4021 solam
1223 3959 1331 4024 utilem

381 4070 438 4122 aut
453 4055 657 4120 necessariam
674 4071 831 4141 appetunt
848 4061 1025 4124 veritatem.
1071 4061 1144 4123 Non
1166 4059 1211 4123 sic
1233 4059 1331 4146 impii,

380 4180 442 4220 non
459 4157 511 4220 sic.
558 4155 618 4232 Qui
636 4178 697 4218 non
713 4154 844 4242 colligit,
860 4161 978 4244 inquit,
994 4183 1131 4238 mecum,
1151 4159 1326 4246 dispergit3

380 4272 411 4323 et
427 4260 484 4346 qui
500 4251 561 4332 non
578 4273 624 4322 est
640 4279 775 4333 mecum,
791 4274 900 4324 contra
916 4283 965 4323 me
980 4273 1037 4324 est.
1074 4265 1160 4337 Dum
1178 4261 1246 4328 haec
1262 4265 1329 4326 Do·
