3309 5309
463 693 526 752 264
720 703 857 748 Joaurus
873 698 1153 748 sauasnnnmusrs
1283 681 1366 760 [am.
1383 697 1413 742 ν.

464 867 520 920 ant
542 854 710 918 brutorum
733 853 917 918 animalium
946 875 1007 938 ope
1031 852 1227 917 movebiturss
1271 848 1367 914 Ponit
1380 849 1413 913 in

465 959 550 1021 hunc
566 955 706 1036 modum,
722 979 808 1019 more
831 979 900 1036 suo,
915 978 1012 1042 qnam
1028 954 1177 1041 plurima,
1191 976 1265 1040 qnae
1281 952 1412 1038 diligen·

463 1059 528 1124 tius
545 1058 707 1121 diffusiore
721 1070 860 1123 tractatu
876 1058 1092 1144 prosequitur,
1105 1056 1147 1121 ud
1158 1053 1412 1121 informationem

466 1160 678 1244 Reipublicae,
713 1172 744 1225 et
775 1159 1019 1244 magistratuum
1050 1159 1274 1223 eruditionem.
1334 1157 1413 1233 Quae

464 1261 570 1325 omnia
585 1259 764 1346 syllabatim
780 1263 908 1344 exequi,
924 1260 1046 1324 servilis
1069 1257 1341 1344 interpretationis
1355 1268 1412 1332 est,

465 1385 538 1447 quae
560 1360 667 1447 potius
682 1361 808 1426 affectat
824 1361 972 1446 speciem,
988 1384 1086 1446 quam
1102 1362 1186 1425 vires
1201 1359 1342 1423 auctoris
1363 1381 1415 1421 ex-

464 1465 610 1550 primere.
656 1464 701 1527 Et
716 1462 793 1548 qnia
807 1461 894 1547 apud
918 1462 1022 1547 ipsum
1038 1462 1077 1526 de
1093 1460 1288 1535 ceremoniis,
1304 1473 1336 1522 et
1351 1458 1415 1521 cul-

465 1577 538 1629 tura
561 1566 714 1644 Deorum,
735 1564 831 1650 plura
852 1587 926 1650 quae
952 1564 1099 1648 religioso
1120 1562 1258 1649 principi
1280 1562 1415 1646 putabat

464 1666 646 1752 ingerenda,
663 1666 915 1751 superstitiosius
935 1666 1099 1751 disputata
1114 1675 1198 1744 sunt,
1219 1664 1268 1727 his
1283 1663 1414 1736 omissis,

464 1792 538 1854 quae
561 1768 601 1832 ad
623 1767 810 1832 idololatriae
833 1771 956 1832 cultum
977 1768 1149 1853 pertinent,
1165 1765 1416 1852 perstringamus

465 1871 604 1935 breviter
633 1891 759 1934 sensum
790 1869 938 1946 bominis,
960 1892 1027 1954 quo
1052 1869 1238 1954 principem,
1260 1880 1292 1932 et
1314 1865 1414 1932 officia

465 1971 663 2058 Reipublicae
679 1971 719 2035 ad
735 1971 858 2035 cultum
870 1971 1007 2057 justitiae
1022 1971 1226 2035 informabat.

465 2278 544 2358 Cap.
561 2284 591 2339 3.
619 2277 701 2342 Quae
713 2282 882 2358 praecipue
897 2287 1065 2342 versentur
1078 2282 1115 2342 ia
1135 2280 1315 2343 intentione
1336 2278 1415 2340 Plu·

507 2379 630 2440 torohi:
660 2387 691 2441 et
715 2381 754 2440 de
775 2384 953 2443 reverentia
977 2382 1154 2444 cohibendo
1176 2380 1256 2459 Deo,
1278 2378 1415 2443 atrebas

507 2501 620 2544 saorra

510 2650 548 2716 ln
565 2674 687 2716 summa
702 2675 779 2737 ergo
796 2665 936 2738 quatuor
952 2669 1039 2734 sunt,
1054 2680 1126 2741 quae
1142 2655 1252 2720 nititur
1271 2652 1414 2737 Reipub-

466 2752 534 2816 licae
556 2752 754 2837 principibus
776 2753 954 2816 incuicare:
977 2755 1184 2819 reverentiam
1201 2755 1272 2829 Dei,
1290 2750 1413 2815 cultum

464 2855 523 2929 sni,
553 2852 748 2937 disciplinam
772 2853 969 2931 officialium,
992 2868 1023 2919 et
1038 2868 1243 2942 potestatum,
1266 2853 1412 2918 affectum

465 2971 496 3020 et
516 2955 747 3041 protectionem
770 2954 984 3022 subditorum.
1031 2961 1137 3022 Deum
1157 2980 1234 3042 ergo
1248 2957 1280 3019 in
1301 2956 1413 3041 primis

464 3060 573 3122 asserit
596 3057 827 3135 honorandum,
851 3057 965 3122 deinde
986 3059 1124 3145 seipsum
1154 3058 1322 3124 colendum
1347 3057 1415 3122 uui-

464 3161 590 3245 cuique,
609 3171 643 3223 ut
658 3159 833 3224 secuudum
849 3158 935 3245 quod
953 3161 1245 3245 Apostolnssentit,
1261 3160 1347 3243 (licet
1361 3159 1414 3223 ille

465 3261 659 3346 Apostolum
676 3283 737 3323 non
753 3266 914 3344 agnoscat)
932 3262 1154 3347 unusquisque
1164 3284 1220 3325 vas
1234 3284 1327 3326 snum
1343 3282 1412 3345 pos·

464 3363 564 3426 sidcat
577 3364 608 3425 in
621 3360 865 3426 sanctificatione
877 3374 906 3425 et
920 3363 1046 3428 honore.
1094 3367 1182 3440 Post,
1194 3376 1229 3429 ut
1239 3363 1413 3427 doctrinam

465 3459 627 3546 praepositi
644 3460 742 3523 totius
757 3460 925 3545 disciplina
939 3460 1052 3528 domus
1072 3461 1223 3539 redoleat,
1238 3474 1269 3526 et
1287 3460 1412 3525 tandem

466 3560 652 3627 universitas
668 3562 894 3647 subjectorum,
909 3562 949 3626 de
963 3562 1077 3649 capitis
1095 3564 1338 3650 praepositorum
1354 3562 1413 3625 sibi

463 3660 682 3727 incolumitate
712 3662 848 3728 laetetnr.
894 3665 1089 3749 Magnorum
1119 3688 1249 3751 quoque
1273 3664 1412 3727 virorum

464 3765 742 3847 strategematibus
760 3778 791 3830 et
812 3768 1074 3850 strategematicis
1090 3767 1204 3842 utitur,
1228 3790 1299 3853 qnae
1317 3767 1342 3829 si
1358 3787 1413 3849 per

464 3863 589 3946 singula
604 3863 793 3942 inserantur,
809 3867 941 3931 taediosa
956 3882 1050 3932 erunt
1065 3869 1186 3945 lectori,
1202 3880 1233 3931 et
1249 3891 1308 3952 pro
1324 3880 1414 3952 parte

463 3990 482 4030 a
508 3965 582 4028 fidei
605 3979 720 4029 nostrae
736 3966 914 4033 sinceritate
937 3971 1094 4036 recedent.
1141 3973 1315 4047 Caeterum,
1339 3970 1415 4056 qnia

464 4068 563 4132 sancti
592 4080 708 4152 patres,
740 4080 771 4130 et
808 4070 990 4156 principum
1019 4072 1116 4156 leges,
1153 4073 1239 4136 illins
1276 4073 1416 4137 deducta

464 4184 568 4234 tumen
582 4169 725 4256 perfidia,
739 4168 888 4235 videntur
903 4173 1058 4240 inhaerere
1071 4175 1226 4258 vestigiis,
1238 4175 1415 4239 doctrinam

464 4275 543 4356 ejnS,
560 4296 700 4338 sermone
716 4273 870 4338 catholico
886 4289 917 4340 et
934 4277 1103 4352 succincto,
1120 4277 1253 4361 adjectis
1268 4300 1307 4339 cx
1325 4291 1417 4361 parte
