3309 5309
354 696 430 739 csr.
447 677 539 755 vnn]
716 693 969 740 rouucanrrcus.
1252 683 1315 740 247

351 844 506 908 Alterum
528 865 674 927 namque,
684 844 830 930 justitiae,
850 845 984 908 alterum
1005 842 1134 929 pietatis
1156 856 1214 921 est,
1234 866 1309 929 quae

350 945 431 1009 adeo
453 945 590 1030 principi
612 945 797 1009 necessariae
819 957 906 1021 sunt,
922 956 959 1007 ut
982 943 1127 1029 quisquis
1149 943 1214 1007 sine
1236 943 1309 1021 illis,

351 1069 413 1110 non
437 1047 536 1110 modo
558 1045 785 1131 principatum,
809 1044 865 1110 sed
889 1044 1063 1130 quemlibet
1087 1045 1309 1129 magistratum

354 1148 516 1224 vendicet,
533 1148 653 1211 frustra
674 1169 707 1210 se
726 1148 831 1231 ipsum
852 1145 994 1220 irrideat,
1011 1145 1111 1209 sedet
1128 1145 1261 1208 aliorum
1278 1147 1311 1208 in

349 1273 382 1313 se
406 1261 558 1335 provocet
588 1248 700 1323 risum,
726 1260 934 1325 contemtum,
960 1262 993 1311 et
1017 1247 1136 1311 odium.
1182 1247 1308 1311 Miseri·

349 1351 470 1425 cordia,
492 1350 610 1436 inquit,
634 1361 666 1412 et
688 1350 804 1413 veritas
826 1372 888 1413 nou
912 1364 943 1412 te
965 1349 1123 1424 deserant,
1146 1349 1308 1413 circumda

349 1475 403 1516 eas
418 1455 544 1536 gutturi
560 1463 629 1530 tuo,
643 1462 675 1514 et
696 1450 797 1514 scribe
817 1473 870 1514 eas
883 1451 915 1513 in
933 1449 1050 1514 tabulis
1071 1448 1176 1513 cordis
1198 1451 1258 1526 tui,
1274 1464 1306 1514 et

351 1553 497 1618 invenies
511 1551 660 1637 gratiam,
675 1564 707 1615 et
720 1550 919 1637 disciplinam
937 1551 1051 1614 bonam
1067 1572 1171 1613 coram
1189 1554 1260 1614 Deo
1274 1562 1305 1615 et

350 1653 548 1718 bominibus.
603 1653 718 1717 Gratia
743 1674 882 1736 namque
908 1652 1044 1715 debetur
1072 1650 1307 1730 misericordiae,

344 1754 484 1840 justitiae
499 1754 674 1840 disciplina.
721 1754 847 1838 Utique
861 1754 965 1838 gratia
987 1766 1020 1815 et
1041 1774 1130 1815 amor
1150 1753 1308 1835 subjecto-

349 1878 434 1932 rum,
450 1877 548 1941 quam
570 1854 681 1918 divina
703 1854 850 1938 producit
873 1854 989 1937 gratia,
1012 1853 1167 1938 optimum
1189 1853 1307 1916 instru-

350 1968 494 2020 mentum
514 1968 563 2019 est
582 1958 721 2019 omnium
741 1953 966 2039 gerendorum.
1012 1954 1074 2016 Sed
1090 1967 1121 2018 et
1138 1976 1226 2017 amor
1241 1953 1307 2017 sine

350 2056 519 2142 disciplina
534 2079 595 2118 uon
612 2056 748 2142 prolicit,
763 2057 841 2142 quia
860 2072 1000 2120 cessante
1015 2055 1152 2141 justitiae
1167 2055 1307 2134 stimulo,

349 2159 493 2244 populus
509 2183 541 2223 se
555 2159 588 2221 in
605 2158 715 2223 illicita
726 2158 866 2222 resolvit.
905 2159 1086 2223 Meditatur
1097 2183 1173 2244 ergo
1183 2159 1307 2245 jugiter

350 2259 548 2343 sapientiam,
563 2272 594 2324 et
615 2259 656 2322 de
671 2282 708 2322 ea
729 2261 772 2323 sic
790 2259 950 2346 justitiam
972 2273 1136 2346 operatur,
1151 2261 1238 2346 quod
1255 2259 1306 2324 lex

350 2360 525 2425 clementiae
548 2383 671 2445 semper
690 2375 737 2426 est
758 2362 790 2425 in
809 2362 919 2447 lingua
941 2363 1028 2448 ejus:
1057 2375 1089 2427 et
1110 2364 1154 2426 sic
1172 2362 1307 2426 clemen-

348 2461 426 2526 tiam
447 2474 602 2547 temperat
623 2464 710 2546 rigor
727 2463 875 2548 justitiae,
891 2463 978 2546 quod
998 2462 1109 2546 lingua
1129 2465 1198 2547 ejus
1216 2463 1305 2548 judi-

348 2562 433 2626 cium
450 2561 602 2646 loquitur.
648 2562 761 2625 Officio
775 2584 914 2645 namque
930 2562 999 2644 ejus
1015 2562 1144 2644 justitia
1164 2562 1195 2623 in
1213 2562 1302 2645 judi-

350 2661 434 2724 cium
456 2662 604 2736 vertitur,
628 2684 665 2723 ea
687 2660 817 2745 quidem
842 2662 1038 2733 necessitate,
1055 2671 1092 2721 ut
1108 2681 1220 2722 vacare
1241 2681 1305 2723 nou

351 2760 455 2839 liceat,
480 2762 558 2845 quin
591 2760 730 2844 seipsum
761 2757 821 2820 sibi
850 2757 963 2820 collato
992 2757 1145 2821 destituat
1175 2756 1303 2822 honore.

348 2862 465 2924 Honor
475 2862 590 2926 etenim
608 2859 691 2942 regis
701 2857 860 2942 judicium
877 2856 994 2940 diligit,
1005 2873 1037 2920 et
1049 2856 1304 2942 delinquentium

316 3035 320 3042 Ι
346 2961 460 3047 culpas
475 2959 649 3044 tranquilla
664 2959 778 3022 mentis
797 2958 1014 3022 moderatione
1027 2958 1207 3043 compescit.
1252 2961 1304 3023 De

346 3063 595 3148 magistratuum
623 3060 839 3124 moderatione
865 3060 983 3124 librum
1012 3061 1115 3125 fertur
1144 3060 1303 3146 scripsisse

346 3162 554 3236 Plutarchus,
573 3162 631 3247 qui
653 3161 837 3226 inscribitur
854 3161 1166 3246 Archigrammaton,
1187 3173 1219 3224 et
1240 3184 1305 3224 ma·

345 3264 519 3350 gistratum
536 3285 600 3327 suae
617 3262 714 3341 urbis,
726 3262 766 3325 ad
779 3262 965 3347 patientiam
980 3275 1012 3327 et
1022 3261 1158 3348 justitiae
1169 3261 1304 3341 cultum,

346 3365 454 3428 verbis
479 3363 652 3427 instituisse
684 3364 803 3427 dicitur
828 3376 860 3426 et
890 3363 1052 3448 exemplis.
1103 3365 1168 3428 Hic
1197 3377 1303 3428 autem

347 3487 474 3529 servum
502 3465 652 3545 babebat,
674 3465 832 3529 hominem
859 3487 997 3550 nequam
1020 3478 1053 3529 et
1074 3479 1302 3544 contumacem,

347 3578 381 3629 et
404 3565 588 3630 liberalibus
611 3566 785 3651 disciplinis
811 3566 973 3630 eruditum
1000 3567 1139 3651 egregie,
1161 3580 1193 3631 et
1215 3590 1304 3631 exer-

347 3666 480 3732 citatum
497 3666 573 3731 satis
591 3667 623 3730 in
645 3667 917 3753 disputationibus
937 3667 1175 3753 philosophicis.
1220 3671 1303 3734 Con-

348 3767 425 3853 tigit
446 3781 480 3832 ut
500 3768 543 3832 ob
564 3768 667 3832 nescio
688 3792 785 3853 quam
807 3791 934 3845 noxam,
953 3768 982 3832 ei
1003 3771 1141 3833 tunicam
1164 3769 1302 3847 detrahi,

347 3869 493 3954 caedique
503 3869 632 3954 juberet
651 3870 854 3935 Plutarchus.
885 3871 974 3934 Loro
987 3885 1126 3956 coeperat
1142 3872 1302 3936 verberari

347 3967 541 4044 duriuscule,
556 3991 658 4053 quum
682 3983 786 4034 tamen
808 3971 1004 4036 inficiaretur
1026 3972 1166 4060 culpam,
1181 3973 1298 4046 dicens,

348 4089 381 4130 se
400 4067 481 4130 nibil
500 4067 600 4152 egisse
622 4068 709 4145 mali,
725 4069 802 4132 nibil
826 4070 951 4134 sceleris
973 4062 1147 4150 admisisse,
1162 4086 1195 4135 et
1209 4071 1296 4135 oblo

348 4168 507 4253 quebatur
523 4191 555 4232 se
570 4168 680 4234 multis
694 4170 888 4235 demeruisse
902 4172 1063 4257 obsequiis
1075 4185 1111 4235 ut
1123 4170 1299 4255 vapularet.

349 4273 514 4334 Postremo
539 4292 640 4354 quum
662 4293 723 4362 non
748 4271 927 4356 proficeret,
952 4272 1116 4335 vociferari
1137 4271 1246 4355 coepit,
1269 4284 1304 4336 et-
