3309 5309
343 709 419 753 oar.
435 688 571 768 xxv111.]
719 701 974 748 eosvcnarrcns.
1195 739 1200 747 .
1239 688 1298 747 153

347 858 436 922 mino
450 855 652 942 probibente,
666 866 813 918 exercent
837 851 938 933 impii,
953 850 1031 937 quid
1054 850 1141 914 aliud
1166 851 1299 930 faciunt,

346 981 446 1044 quam
483 955 665 1020 calcaneum
703 954 822 1038 erigere
859 953 1011 1017 adversus
1055 953 1298 1037 prohibentem?

351 1061 448 1124 Certe
463 1057 556 1121 nimis
570 1070 617 1121 est
632 1054 717 1142 quod
733 1054 886 1134 immolat,
897 1055 954 1141 qui
966 1056 1066 1140 ejecto
1076 1055 1199 1141 Spiritu
1212 1079 1302 1121 sanc-

347 1172 395 1241 to,
410 1158 597 1223 idololatriae
613 1169 747 1222 mentem
770 1156 945 1242 prostituit.
990 1156 1133 1221 Nimium
1149 1171 1197 1222 est
1213 1158 1301 1243 quod

351 1260 506 1336 immolat,
517 1261 573 1344 qui
584 1259 721 1342 pollutas
727 1281 819 1321 aures
828 1256 1056 1321 daemoniorum
1068 1257 1215 1326 sollicitat
1226 1282 1302 1324 voce

352 1358 493 1425 Domino
508 1371 699 1422 consecrata.
746 1355 889 1420 Nimium
906 1372 953 1420 est
971 1357 1055 1441 quod
1076 1358 1231 1438 immolat,
1246 1363 1301 1443 qui

348 1474 474 1526 motum
488 1462 627 1545 corporis
638 1458 855 1523 accommodat
864 1458 903 1522 ad
912 1458 1302 1545 detestabilesacrilegium

353 1562 583 1648 peragendum.
617 1559 704 1636 Quid
718 1559 848 1623 retinuit
861 1561 1003 1635 creatori,
1015 1559 1071 1644 qui
1086 1573 1235 1637 mentem,
1248 1562 1305 1626 lin-

355 1687 465 1748 guam,
481 1685 608 1748 corpus,
631 1661 831 1725 daemonibus
852 1659 994 1725 obtulit?
1020 1665 1071 1723 An
1095 1683 1156 1724 non
1181 1663 1305 1730 veritati

351 1765 431 1829 ‘fecit
446 1764 606 1851 injuriam,
623 1764 680 1848 qui
702 1763 917 1847 integritatem
934 1765 1003 1848 ejus
1017 1763 1049 1824 in
1073 1775 1162 1827 tanta
1176 1787 1306 1851 corrup-

353 1867 441 1931 tione
456 1865 631 1952 quaesivit?
657 1863 754 1929 Plane
779 1886 871 1927 nemo
890 1866 923 1926 in
942 1863 1061 1929 talibus
1082 1887 1139 1949 per
1160 1865 1308 1950 ignoran-

355 1968 433 2032 tiam
465 1980 648 2032 excusatur.
694 1967 812 2029 Omnes
834 1965 917 2028 enim
940 1968 971 2029 in
994 1988 1161 2030 commune
1191 1968 1306 2046 sciunt,

353 2083 415 2133 aut
430 2069 510 2132 scire
531 2067 661 2145 debent,
685 2067 764 2131 hanc
779 2057 983 2153 ignominiam
1002 2066 1076 2131 fidei
1098 2069 1308 2135 anathematis

350 2170 531 2255 opprobrio
545 2169 795 2235 condemnatam.
821 2170 894 2231 Non
911 2170 1023 2255 utique
1047 2169 1098 2232 bic
1113 2187 1309 2237 sacramento

357 2271 448 2335 miles
477 2270 646 2356 excipitur,
676 2270 819 2358 pupillus
849 2284 954 2350 aetate,
983 2272 1097 2336 mulier
1125 2274 1309 2341 infirmitate

359 2395 466 2448 sexus,
495 2373 631 2437 rusticus
665 2395 795 2436 munere
830 2373 1044 2458 agriculturae,
1078 2398 1143 2461 qua
1172 2377 1310 2461 publicae

361 2473 494 2538 utilitati
515 2472 670 2557 invigilat.
716 2473 808 2537 Licet
831 2471 970 2536 enimin
996 2472 1170 2558 dispendiis
1193 2499 1309 2553 rerum,

359 2572 567 2638 subveniatur
582 2574 626 2637 eis
642 2597 697 2659 per
715 2574 927 2657 ignorantiam
944 2573 1038 2658 juris,
1055 2574 1086 2637 in
1110 2574 1313 2641 subversione

361 2687 466 2739 tamen
496 2674 571 2738 fidei
600 2673 725 2738 nullum
754 2675 795 2738 ab
824 2674 1003 2757 ignorantia
1039 2674 1214 2739 remedium
1244 2691 1311 2743 est:

356 2777 527 2841 obtinente
541 2799 579 2839 eo
594 2774 702 2860 utqui
722 2776 848 2859 ignorat
872 2772 1045 2858 ignoretur,
1064 2788 1094 2839 et
1117 2775 1267 2860 insipiens
1282 2779 1313 2843 in

363 2877 470 2964 culpa,
485 2876 651 2941 erudiatur
665 2877 699 2939 in
714 2898 820 2961 poena,
841 2890 873 2941 et
895 2879 1052 2962 sapienter
1071 2881 1238 2963 puniatur,
1258 2880 1316 2965 qui

361 2979 467 3043 noluit
483 2976 659 3061 intelligere
682 2991 718 3042 ut
735 2977 813 3040 bene
837 2991 956 3062 ageret.
1001 2981 1083 3052 Quis
1104 2979 1186 3042 enim
1210 2983 1316 3067 potuit

362 3079 495 3154 discere,
509 3077 619 3141 utsine
631 3078 737 3142 labore
747 3102 765 3141 a
774 3091 864 3142 tanto
876 3078 984 3142 labore
994 3080 1223 3156 cessaret,dum
1236 3080 1317 3145 illud

362 3177 522 3246 laboriose
534 3177 709 3242 addisceret
726 3192 761 3242 nt
778 3177 932 3241 laboriose
942 3193 973 3242 et
986 3179 1169 3264 pestilenter
1179 3187 1317 3247 erraret?

366 3285 442 3346 Non
460 3290 565 3363 potest
580 3276 612 3340 in
635 3277 698 3341 fide
720 3280 787 3341 sine
801 3278 910 3341 labore
931 3278 1102 3365 quiescere,
1126 3281 1182 3366 qui
1208 3293 1320 3366 potens

363 3397 414 3446 est
443 3379 656 3445 sollicitudine
678 3381 793 3446 mentis
815 3397 848 3446 et
877 3380 1028 3445 exercitio
1049 3385 1190 3469 corporis
1215 3407 1235 3448 a
1256 3384 1319 3448 fide
1366 3412 1370 3420 ·

365 3483 517 3547 deviare?
530 3482 593 3557 Qui
606 3485 688 3546 enim
703 3481 751 3545 his
763 3481 1061 3566 nugisobsequitur,
1072 3482 1168 3547 fidem
1179 3487 1320 3570 negavit,

366 3598 400 3650 et
412 3583 529 3648 infideli
537 3584 675 3648 deterior
686 3598 750 3657 est3
768 3597 799 3648 et
811 3582 995 3648 licetverbis
1006 3585 1109 3648 Deum
1122 3587 1321 3669 confiteatur,

367 3686 398 3750 ei
420 3685 576 3771 perversis
605 3685 754 3771 operibus
784 3683 985 3749 contradicit.
1031 3689 1100 3750 Nec
1122 3686 1245 3754 facilius
1273 3702 1321 3754 est

369 3787 529 3851 hominem
553 3787 737 3873 hujusmodi
759 3811 825 3850 esse
841 3786 979 3865 fidelem,
1000 3810 1094 3873 quam
1114 3790 1255 3874 judicem
1276 3791 1322 3854 in-

371 3901 570 3974 corruptum,
592 3889 648 3975 qui
675 3889 781 3974 diligit
800 3911 942 3968 munera,
963 3903 994 3955 et
1014 3890 1160 3977 sequitur
1187 3893 1322 3956 retribu-

371 3991 484 4055 tiones.
531 3992 690 4054 Caeterum
714 3991 798 4077 qnod
824 3991 1053 4076 simpliciorum
1072 3997 1192 4056 animos
1207 4007 1323 4070 movet,

372 4091 489 4155 scilicet
500 4113 556 4175 per
569 4091 751 4175 hujusmodi
763 4092 1025 4157 consultationem
1035 4095 1220 4157 abscondita
1235 4094 1323 4156 futu·

372 4213 480 4256 rorum
497 4192 690 4258 manifestari
711 4216 771 4256 non
789 4217 890 4278 posse,
911 4195 969 4257 uisi
991 4218 1048 4279 per
1064 4216 1190 4257 manum
1207 4194 1276 4276 ejus
1292 4199 1322 4257 in

371 4295 463 4376 cujus
478 4305 634 4378 potestate
650 4307 723 4359 sunt
740 4308 882 4377 tempora
897 4306 929 4357 et
941 4309 1109 4372 momenta,
1127 4295 1244 4357 nodum
1262 4317 1324 4359 non
