3309 5309
349 673 408 730 102
608 687 744 730 ioannis
759 684 1041 729 sauusuuarunsrs
1166 665 1249 744 [nra.
1265 683 1305 726 11.

349 850 432 900 turae
447 838 498 911 sit,
515 836 811 921 potentioribusque
832 835 999 898 cohaereat.
1048 833 1142 898 Unde
1157 832 1303 919 plerique

350 960 423 1001 eum
451 941 623 1024 praesulem
646 937 838 1021 eloquentiae
863 939 1048 1023 opinantur,
1070 957 1109 998 eo
1136 933 1223 1020 quod
1251 933 1305 998 illa

348 1038 465 1120 juncta
494 1035 656 1121 sapientiae
685 1034 860 1119 plurimum
890 1036 1003 1120 prosit,
1028 1032 1160 1098 malitiae
1190 1030 1307 1094 sociata

352 1154 462 1200 noceat
491 1137 677 1223 plurimum.
729 1136 810 1199 Haec
841 1134 970 1220 quidem
999 1135 1059 1198 etsi
1089 1156 1152 1198 uon
1183 1134 1304 1208 docuit,

352 1250 468 1303 sectam
486 1252 589 1302 tamen
606 1237 722 1301 erroris
735 1237 844 1320 attigit
861 1236 1024 1315 Lucanus,
1039 1259 1140 1321 quum
1158 1235 1303 1300 timorem

351 1340 440 1404 urbis
455 1339 664 1419 describeret3
688 1338 874 1423 bellumque
892 1336 984 1401 civile
1004 1337 1185 1401 necessariis
1208 1350 1305 1402 astro-

354 1443 469 1506 nomiae
513 1441 710 1524 argumentis
758 1439 983 1504 inevitabiliter
1028 1437 1305 1526 appropinquante

353 1544 477 1606 Caesare
511 1542 658 1607 futurum
687 1541 905 1605 denunciaret.
950 1540 1060 1605 lnnuit
1090 1539 1174 1603 enirn
1205 1542 1305 1604 Poeta

351 1645 560 1719 doctissimus,
585 1645 609 1708 si
633 1657 738 1709 tamen
765 1646 865 1708 Poeta
891 1641 1048 1706 dicendus
1069 1654 1127 1717 est,
1152 1643 1210 1727 qui
1232 1663 1304 1704 vera

350 1746 529 1811 narratione
553 1769 657 1810 rerum
685 1745 724 1808 ad
750 1743 916 1808 historicos
940 1743 1043 1828 magis
1064 1741 1197 1820 accedit,
1222 1741 1306 1806 illius

350 1848 502 1912 malitiam
526 1846 788 1931 irrefragabiliter
810 1843 1059 1931 adimplendam,
1081 1843 1136 1929 qui
1163 1843 1252 1908 solus
1272 1842 1303 1906 in

351 1949 467 2012 throno
486 1950 533 2015 sui
554 1947 708 2013 domicilii
731 1947 900 2012 residebat.
946 1948 991 2011 Et
1006 1946 1080 2010 licet
1094 1944 1216 2030 figulus
1232 1947 1306 2008 l'ar-

352 2060 472 2112 carun?
484 2049 613 2113 consilia
634 2050 796 2127 discutiat,
817 2061 1019 2134 mentemque
1040 2047 1216 2123 stellarum,
1236 2068 1303 2111 cor·

351 2173 465 2236 porum
482 2160 585 2214 tamen
598 2175 671 2237 quae
686 2152 846 2229 videntur,
858 2150 1000 2214 nondum
1016 2153 1140 2236 plenam
1157 2147 1302 2213 notitiam

352 2251 498 2330 tradidit,
511 2275 612 2336 quum
633 2255 665 2317 in
682 2267 750 2317 tota
765 2253 1065 2318 Mathematieorum
1078 2250 1185 2325 domo,
1199 2249 1304 2314 adbuc

356 2375 419 2415 non
447 2355 487 2419 sit
516 2357 651 2439 quaestio
681 2355 844 2441 expedita,
874 2380 913 2420 an
941 2378 980 2419 ex
1010 2353 1175 2418 elementis
1204 2353 1306 2417 sidera

350 2467 505 2530 constent,
523 2479 562 2518 an
579 2480 616 2519 ex
639 2455 754 2541 quinta
773 2457 920 2535 essentia,
936 2477 1033 2542 quarn
1057 2454 1244 2520 Aristoteles
1258 2454 1305 2517 in·

350 2555 500 2621 troducit.
546 2559 628 2620 Nam
650 2557 738 2643 quod
755 2556 799 2621 eis
813 2557 969 2643 objiciunt
986 2557 1088 2642 pueri,
1103 2554 1212 2619 mollia
1227 2555 1302 2631 sint,

349 2681 388 2721 an
412 2659 503 2737 dura,
523 2672 554 2724 et
577 2660 602 2723 si
624 2660 701 2744 quid
724 2659 908 2745 hujusmodi
924 2674 983 2739 est,
1005 2658 1100 2723 etiam
1117 2658 1229 2722 audire
1251 2656 1303 2720 de·

348 2758 534 2842 dignantur,
558 2759 704 2845 quamvis
726 2761 854 2845 aliquos
875 2760 1023 2840 famosos,
1046 2772 1078 2823 et
1101 2780 1158 2822 suo
1180 2756 1301 2842 judicio

348 2857 515 2940 sapientes,
553 2863 586 2924 in
617 2860 733 2926 talibus
771 2861 904 2925 viderim
941 2859 1114 2924 miserrime
1149 2858 1301 2923 laborare.

347 2960 536 3044 Expediunt
559 2973 675 3041 tamen,
697 2976 729 3027 et
753 2963 818 3026 suis
844 2962 1022 3026 rationibus
1047 2960 1197 3045 probant,
1218 2957 1297 3044 quid

347 3061 414 3126 fata
448 3063 634 3141 deliberent,
671 3080 702 3130 et
737 3065 933 3149 deprehensa
968 3063 1116 3127 voluntas
1150 3060 1300 3135 siderum,

345 3185 441 3246 quem
454 3164 485 3227 in
501 3165 667 3229 sublunari
682 3165 778 3249 globo
794 3164 946 3228 sortiatur
960 3163 1120 3227 effectum.
1157 3163 1204 3225 Et
1218 3159 1298 3223 forte

346 3267 500 3330 sententia
514 3268 653 3331 numinis
675 3267 764 3331 irrita
786 3278 846 3345 est,
860 3289 956 3351 quam
973 3287 1036 3329 non
1053 3263 1296 3328 mathematicus

347 3369 486 3450 profert:
511 3370 556 3433 ait
572 3393 668 3454 erg03

453 3467 530 3528 Quod
543 3467 623 3520 cludis
635 3486 727 3536 genus,
739 3488 754 3520 o
766 3471 861 3539 superi,
874 3487 926 3538 qua
937 3476 1010 3540 peste
1022 3467 1120 3537 paratis

452 3551 600 3604 Saevitiam?
619 3555 711 3606 aeterni
722 3554 862 3607 multomm
874 3561 974 3625 tempus
986 3555 1013 3604 in
1024 3569 1104 3605 uuum

452 3639 604 3692 Convenere
616 3641 683 3692 dies:
703 3658 801 3693 summo
813 3644 835 3693 si
847 3640 943 3709 frigida
955 3640 1021 3694 coelo

452 3723 534 3776 Stella
546 3744 640 3779 nooens
650 3728 738 3794 nigros
752 3729 854 3779 Saturni
868 3729 1019 3781 accenderet
1030 3727 1116 3792 ignes,

449 3808 637 3864 Deucalioneos
647 3811 758 3865 fudisset
770 3814 903 3882 Aquarius
912 3815 1018 3875 imbres,

448 3893 566 3962 Totaque
578 3896 672 3948 diffuso
682 3896 802 3950 latuisset
813 3900 839 3950 in
851 3917 953 3968 aequore
965 3897 1052 3951 tellus.

448 3979 477 4031 Si
489 3997 585 4032 suevum
597 3982 676 4033 radiis
689 3983 844 4037 Nemeaeum
858 3985 959 4038 Phoebe
973 3986 1089 4036 Leonem

449 4065 527 4117 Nunc
538 4083 676 4136 premeres,
690 4072 745 4119 toto
756 4068 867 4122 fluerent
879 4071 999 4123 incendia
1011 4069 1117 4132 mundo,

449 4151 642 4218 Succensusque
655 4151 706 4202 tuis
718 4151 856 4218 flagrasset
867 4155 980 4206 curribus
993 4154 1081 4207 aether.

449 4235 488 4288 Hi
499 4240 602 4287 cessant
612 4235 700 4302 ignes:
719 4240 748 4287 tu
760 4237 803 4304 qui
815 4237 943 4306 flagrante
956 4241 1099 4290 minantem

445 4323 567 4392 Scorpion
579 4321 693 4374 incendis
706 4323 797 4390 cauda,
811 4323 949 4394 chelasque
962 4326 1070 4395 peruris,
