3309 5309
458 659 521 718 222
715 671 851 715 somnus
867 669 1142 713 srnnsssamnsrs
1264 650 1345 729 [nm.
1362 672 1404 715 1v.

455 822 564 886 ducit?
588 820 671 906 Ejus
681 841 818 905 namque
836 819 982 883 voluntas
997 819 1028 881 in
1045 819 1093 882 his
1109 818 1170 881 vim
1188 817 1282 882 debet
1292 819 1406 882 habere

449 922 579 1009 judicii:
597 935 628 986 et
639 921 810 986 rectissime
821 921 943 1006 quodei
955 919 1219 1007 placetintalibus
1228 919 1407 1004 legisbabet

454 1024 605 1108 vigorem,
625 1046 663 1085 eo
683 1022 770 1107 quod
791 1023 833 1086 ab
853 1020 1014 1107 aequitatis
1035 1034 1138 1084 mente
1160 1021 1230 1105 ejus
1253 1021 1407 1084 sententia

454 1146 516 1187 non
532 1123 700 1188 discordet.
741 1127 791 1187 De
807 1124 899 1188 vultu
916 1136 983 1202 tuo,
995 1121 1110 1208 iuquit,
1122 1120 1283 1206 judicium
1300 1143 1405 1184 meum

454 1226 596 1310 prodeat,
611 1223 694 1287 oculi
711 1227 758 1287 tui
774 1224 903 1286 videant
926 1223 1119 1305 aequitatem.
1165 1222 1188 1284 J
1192 1220 1276 1284 udex
1291 1221 1404 1284 etenim

452 1326 655 1409 incorruptus
670 1338 729 1401 est,
745 1325 838 1408 cujus
853 1324 1010 1388 sententia
1024 1346 1062 1386 ex
1079 1321 1345 1406 contemplatione
1359 1342 1405 1384 as-

454 1423 552 1505 sidua,
563 1428 669 1509 imago
680 1437 728 1488 est
744 1424 915 1509 aequitatis.
949 1422 1091 1487 Publicae
1101 1445 1176 1506 ergo
1190 1422 1339 1487 utilitatis
1350 1421 1407 1484 mi·

453 1523 1406 1612 nister,etaequitatisservusestprinceps,etineopersonam

452 1628 612 1715 publicam
634 1627 727 1713 gerit,
742 1627 828 1712 quod
846 1627 985 1689 omnium
1009 1624 1140 1710 injurias
1154 1637 1187 1687 et
1209 1623 1336 1700 damna,
1353 1624 1405 1688 sed

452 1741 484 1793 et
499 1727 630 1791 crimina
640 1726 745 1790 omnia
761 1725 912 1810 aequitate
923 1724 1026 1787 media
1043 1723 1143 1808 punit.
1166 1722 1268 1809 Virga
1278 1747 1407 1809 quoque

453 1829 522 1914 ejus
537 1845 569 1893 et
584 1827 729 1903 baculus,
745 1825 889 1889 adhibita
910 1825 1125 1888 moderatione
1144 1825 1320 1912 sapientiae,
1334 1848 1406 1888 con·

453 1942 573 1995 tractus
587 1929 726 1993 omnium
743 1942 775 1990 et
790 1950 911 1990 errores
926 1926 965 1989 ad
984 1926 1065 1989 viam
1091 1926 1214 1991 reducit
1231 1929 1405 2012 aequitatis,

454 2042 490 2093 ut
516 2030 630 2093 merito
656 2032 806 2113 potestati
837 2028 966 2113 spiritus
994 2027 1247 2111 congratuletur,
1277 2028 1403 2091 dicens:

453 2130 551 2214 Virga
566 2143 622 2193 tua
633 2143 663 2193 et
680 2129 813 2193 baculus
824 2146 901 2193 tuus
916 2131 985 2213 ipsa
997 2151 1046 2191 me
1057 2129 1217 2193 consolata
1232 2141 1317 2191 sunt.
1343 2127 1405 2192 Sed

451 2244 483 2294 et
498 2230 629 2315 clypeus
643 2231 712 2314 ejus
727 2230 817 2293 fortis
832 2230 975 2315 quidem,
991 2230 1045 2292 sed
1062 2229 1260 2293 infirmorum
1275 2229 1405 2316 clypeus

451 2343 510 2411 est,
525 2344 556 2394 et
578 2331 633 2415 qui
655 2329 895 2414 malignantium
916 2330 1024 2416 jacula
1039 2353 1097 2416 pro
1118 2331 1338 2395 innocentibus
1352 2355 1406 2417 po-

454 2443 556 2494 tenter
571 2431 718 2516 excipiat.
764 2429 912 2496 Officium
930 2455 1060 2516 quoque
1083 2433 1152 2517 ejus
1166 2431 1229 2496 illis
1244 2435 1301 2517 qui
1317 2433 1406 2497 mini-

452 2555 539 2596 mum
555 2544 699 2618 possunt,
714 2531 889 2616 plurimum
913 2532 1054 2617 prodest,
1069 2546 1100 2597 et
1124 2532 1198 2612 illis,
1212 2533 1271 2618 qui
1293 2556 1404 2598 nocere

451 2633 643 2708 desiderant,
655 2631 826 2717 plurimum
839 2632 1037 2697 adversatur.
1060 2634 1132 2697 Non
1146 2656 1222 2718 ergo
1233 2633 1299 2697 sine
1311 2656 1404 2698 causa

450 2734 593 2820 gladium
610 2746 727 2819 portat,
743 2756 809 2818 quo
830 2735 1012 2798 innocenter
1028 2735 1212 2820 sanguinem
1234 2735 1352 2811 fundit,
1369 2747 1405 2799 ut

452 2849 555 2900 tamen
580 2836 628 2898 vir
644 2836 835 2918 sanguinum
858 2857 922 2897 non
938 2834 989 2913 sit,
1005 2844 1037 2897 et
1058 2835 1200 2899 homines
1222 2835 1405 2920 frequenter

451 2936 585 3012 occidat,
602 2947 638 2999 ut
655 2958 715 2997 non
732 2934 873 2999 incurrat
893 2956 1009 2998 nomen
1024 2935 1184 2999 homicidii
1207 2934 1257 2999 vel
1274 2950 1405 3000 reatum.

453 3037 485 3100 Si
501 3037 583 3100 enim
596 3059 712 3119 magno
727 3035 867 3100 creditur
885 3035 1080 3118 Augustino,
1094 3036 1200 3100 David
1216 3037 1266 3099 vir
1281 3035 1406 3120 sangui·

451 3158 526 3200 num
543 3137 649 3201 dictus
664 3151 723 3213 est,
736 3158 797 3198 non
814 3147 945 3220 propter
961 3134 1055 3211 bella,
1067 3135 1121 3199 sed
1138 3147 1270 3222 propter
1283 3137 1403 3202 Uriam.

451 3238 497 3300 Et
520 3237 649 3303 Samuel
676 3257 832 3322 nusquam
864 3236 913 3298 vir
937 3236 1141 3319 sanguinum,
1164 3249 1221 3301 aut
1248 3236 1406 3323 homicida

451 3336 609 3411 scribitur,
634 3337 706 3400 licet
732 3342 825 3420 Agag
851 3335 1094 3420 pinguissimum
1121 3359 1227 3422 regem
1255 3336 1404 3402 Amalech

451 3436 654 3500 interfecerit.
694 3437 757 3500 Hic
773 3435 929 3521 siqnidem
946 3434 1074 3521 gladius
1089 3449 1136 3500 est
1151 3437 1317 3511 columbae,
1334 3460 1405 3524 quae

451 3533 516 3596 sine
527 3532 600 3595 felle
609 3533 745 3609 rixatur,
757 3534 823 3597 sine
833 3534 998 3597 iracundia
1009 3533 1093 3610 ferit,
1105 3548 1137 3597 et
1149 3535 1251 3620 quum
1265 3536 1404 3614 dimicat,

450 3631 570 3696 nullam
591 3633 719 3696 omnino
745 3634 883 3718 concipit
909 3635 1165 3699 amaritudinem.
1210 3640 1296 3701 Nam
1322 3637 1404 3702 sieut

450 3732 505 3797 lex
526 3733 636 3818 culpas
659 3735 861 3819 persequitur
883 3735 949 3798 sine
970 3735 1045 3798 odio
1066 3758 1286 3821 personarum,
1309 3737 1354 3801 ita
1374 3748 1406 3801 et

450 3831 596 3918 princeps
626 3831 847 3917 delinquentes
873 3834 1045 3924 rectissime
1075 3835 1180 3920 punit,
1207 3858 1271 3900 non
1296 3836 1405 3922 aliquo

449 3930 620 3996 iracundia
642 3944 744 4012 motu,
759 3933 812 3995 sed
836 3948 1011 3998 mansuetae
1034 3935 1112 4019 legis
1131 3935 1277 4000 arbitrio.
1322 3937 1405 4000 Nam

448 4037 507 4098 etsi
529 4053 600 4097 suos
622 4031 768 4117 princeps
791 4033 938 4098 videatur
961 4036 1077 4100 habere
1099 4039 1236 4114 lictores,
1257 4037 1326 4122 ipse
1348 4050 1405 4100 aut

447 4135 531 4199 solus
553 4147 608 4198 aut
631 4132 811 4218 praecipuus
833 4134 1011 4199 credendus
1036 4147 1083 4200 est
1105 4136 1209 4214 lictor,
1231 4137 1284 4201 cui
1306 4137 1405 4201 ferire

447 4235 568 4298 licitum
595 4245 654 4309 est,
681 4254 738 4317 per
764 4234 963 4319 suppositam
990 4257 1130 4299 manum.
1176 4240 1223 4302 Ut
1249 4237 1335 4300 enim
1360 4234 1403 4299 ad
