3309 5309
367 692 429 748 ato
624 704 760 748 ioannis
777 704 1052 748 saansaanmusis
1180 689 1266 761 [nra.
1283 705 1326 746 1v.

372 868 406 917 ut
424 854 597 939 putabatur
621 854 761 930 consilio,
776 869 808 917 et
827 854 1016 917 auctoritate
1033 853 1194 940 judicum,
1211 853 1252 916 ad
1270 854 1325 916 de·

369 956 494 1019 lendam
516 967 631 1018 sectam
655 954 830 1029 hominum,
850 953 996 1038 opinione
1017 954 1147 1037 publica
1169 955 1324 1040 supersti-

369 1060 492 1136 tiosam,
508 1070 540 1120 et
556 1079 639 1121 verae
654 1054 814 1140 religionis
830 1055 999 1132 inimicam,
1015 1057 1217 1122 invitaretur.
1256 1057 1322 1119 Nec

368 1173 473 1223 tamen
491 1180 719 1243 usquequaque
734 1156 921 1220 commendo
930 1157 1090 1242 justitiam
1106 1156 1255 1234 hominis,
1267 1155 1321 1242 qui

368 1261 531 1323 Christum
555 1258 733 1343 ignorabat,
750 1258 803 1322 aed
825 1258 952 1343 culpam
976 1262 1076 1343 ipsius
1095 1272 1247 1335 extenuo,
1263 1257 1317 1343 qui

366 1360 499 1423 aliorum
515 1359 688 1424 excedebat
703 1360 855 1444 impulsu,
867 1373 898 1423 et
914 1359 953 1422 ad
970 1359 1158 1425 beneficium
1174 1363 1319 1423 miseren-

366 1461 508 1546 dumque
532 1463 668 1546 propriae
697 1461 821 1545 pietatis
844 1461 999 1543 agebatur
1021 1461 1185 1540 instinctu,
1208 1474 1319 1525 natura

365 1567 500 1627 clemens
518 1565 550 1625 in
569 1585 688 1643 omnes,
703 1576 848 1627 austerus
862 1563 893 1625 in
910 1585 1040 1645 paucos,
1056 1562 1175 1647 quibus
1190 1584 1316 1647 parcere

364 1665 453 1728 nefas
467 1676 564 1737 esset;
587 1663 665 1727 adeo
681 1677 729 1739 nt,
746 1663 843 1728 totius
859 1663 981 1749 imperii
997 1663 1045 1727 sni
1059 1663 1228 1742 curriculo,
1238 1685 1317 1728 unns

364 1763 533 1826 damnatus
552 1764 593 1827 sit
612 1775 792 1827 senatorum
816 1762 1010 1828 nobiliumve
1026 1764 1126 1840 urbis,
1141 1763 1216 1828 licet
1230 1764 1317 1827 inve·

362 1865 491 1928 niantur
516 1863 646 1950 plurimi
668 1864 699 1926 in
725 1865 830 1949 ipsum
857 1864 999 1949 graviter
1024 1863 1205 1949 deliquisse.
1253 1867 1314 1929 Hic

361 1980 465 2030 autem
493 1989 512 2029 a
543 1978 654 2029 senatu
685 1966 855 2031 damnatus
883 1978 942 2045 est,
970 1966 1135 2050 ignorante
1165 1968 1312 2053 Trajano.

362 2068 497 2131 Dicebat
513 2069 594 2130 enim
610 2068 756 2131 insanum
777 2091 843 2131 esse
863 2089 948 2146 eum,
963 2068 1019 2152 qui
1033 2068 1143 2131 oculos
1157 2067 1183 2132 si
1199 2069 1312 2132 habeat

359 2167 538 2251 lippientes,
557 2191 610 2230 eos
632 2169 721 2232 malit
741 2168 890 2248 effodere,
910 2190 1007 2252 quam
1027 2189 1148 2231 curare.
1195 2170 1309 2233 Aiebat

358 2268 463 2345 etiam,
479 2290 602 2350 ungues
617 2269 642 2331 si
658 2270 792 2331 acriores
806 2270 938 2346 fuerint,
951 2268 1136 2348 resecandos
1150 2292 1230 2346 esse,
1247 2292 1309 2334 non

357 2367 546 2431 avellendos.
580 2371 612 2431 Si
625 2369 707 2432 enim
719 2370 924 2448 citharoedus,
935 2369 1052 2455 aliique
1064 2370 1219 2447 fidicines,
1232 2372 1312 2434 mul-

358 2482 391 2533 ta
410 2469 575 2554 diligentia
596 2485 780 2555 procurant,
800 2472 962 2558 quomodo
982 2471 1159 2536 oberrantis
1182 2473 1309 2536 chorda

356 2583 555 2654 compescant
568 2570 689 2646 vitium,
703 2585 734 2634 et
747 2572 878 2635 eandem
891 2571 960 2635 aliis
972 2572 1152 2635 unanimem
1164 2571 1309 2651 reddant,

355 2671 537 2757 faciantque
566 2672 780 2736 dulcissimam
811 2673 1032 2738 dissidentium
1060 2675 1309 2752 consonantiam,

355 2772 481 2835 chordis
505 2795 566 2835 non
594 2774 707 2859 ruptis,
733 2775 787 2837 sed
818 2773 915 2838 tensis
944 2772 1234 2858 proportionaliter,
1257 2773 1306 2837 vel

355 2873 506 2936 remissis:
533 2888 653 2959 quanta
669 2874 882 2938 sollicitudine
902 2885 1028 2960 oportet
1049 2873 1223 2959 principem
1240 2896 1305 2937 mo·

354 2974 469 3052 derari,
485 2997 569 3038 nunc
587 2977 691 3060 rigore
709 2976 856 3060 justitiae,
871 2997 955 3038 nunc
975 2973 1157 3038 remissione
1172 2974 1305 3038 clemen·

353 3077 419 3157 tiae,
434 3090 470 3140 ut
486 3077 632 3141 subditos
651 3077 745 3142 faciat
769 3076 862 3162 quasi
884 3077 1046 3140 unanimes
1068 3099 1135 3140 esse
1151 3075 1183 3139 in
1199 3075 1305 3151 domo,

352 3190 383 3240 et
400 3177 490 3262 quasi
513 3177 763 3242 discordantium
779 3178 811 3240 in
827 3176 1000 3240 ministerio
1015 3176 1103 3261 pacis
1117 3188 1150 3239 et
1165 3176 1304 3240 caritatis

352 3277 512 3360 operibus,
538 3300 630 3341 unam
656 3277 750 3342 faciat
773 3278 957 3362 perfectam,
980 3291 1012 3341 et
1037 3277 1207 3341 maximam
1234 3279 1303 3342 har-

351 3376 514 3439 moniam?
552 3381 626 3442 Hoc
655 3392 762 3442 autem
792 3391 913 3443 certum
939 3391 998 3454 est,
1024 3378 1102 3463 quia
1128 3378 1231 3442 tutius
1255 3391 1302 3442 est

351 3476 486 3541 chordas
510 3478 628 3543 remitti
658 3480 822 3554 intensius,
850 3502 946 3564 quam
976 3479 1135 3566 protendi.
1180 3480 1301 3544 Remis-

350 3599 455 3640 sarum
471 3601 608 3665 namque
622 3580 768 3655 intensio,
784 3580 915 3644 artificis
929 3581 1044 3666 peritia
1056 3580 1257 3655 convalescit,
1268 3593 1299 3644 et

349 3677 487 3743 debitam
512 3683 579 3745 soni
603 3681 707 3746 reddit
729 3681 885 3766 gratiam
914 3683 970 3747 sed
992 3681 1182 3767 quaesemel
1205 3694 1299 3766 rupta

349 3792 407 3858 est,
426 3780 513 3844 nullo
534 3782 668 3846 artificio
690 3795 866 3868 reparatur.
912 3783 1062 3848 Profecto
1082 3783 1108 3846 si
1128 3804 1225 3846 sonus
1244 3805 1297 3845 ex·

347 3881 457 3965 igitur,
481 3905 572 3966 quem
596 3906 657 3946 non
678 3885 807 3960 habent,
825 3883 943 3949 frustra
963 3885 1151 3958 tenduntur,
1168 3897 1200 3947 et
1216 3905 1296 3968 sape

346 3984 442 4048 citius
464 3983 589 4047 venitur
611 3985 651 4047 ad
675 3985 809 4062 nullum,
833 4008 929 4072 quam
953 3986 993 4050 ad
1017 4009 1103 4061 eum,
1126 3985 1183 4072 qui
1205 3987 1296 4049 nimis

346 4085 495 4171 exigitur.
542 4084 599 4147 Ait
616 4085 771 4149 Etbicns:

449 4235 499 4286 Est
510 4234 582 4302 piger
595 4233 628 4284 ad
639 4251 730 4303 poenas
741 4237 868 4306 princeps,
880 4237 914 4288 ad
925 4236 1031 4306 praemia
1043 4235 1129 4299 velox,

485 4319 589 4390 Quique
602 4319 680 4382 dolet,
693 4321 810 4386 quotiens
823 4322 923 4386 cogitur
935 4337 993 4372 esse
1003 4318 1085 4376 ferox.
