3309 5309
346 633 416 679 cnr.
431 618 508 692 vu]
702 633 956 680 ronrcuarrcus.
1259 621 1302 680 tt

348 783 468 849 talibus
483 796 574 871 pasta
588 806 670 865 sum,
685 806 745 870 ego
758 783 809 848 his
823 784 941 848 iterum
964 806 1085 870 pascar.
1132 785 1209 848 Post
1231 784 1302 850 haec

347 886 394 950 illi
410 887 514 951 territi
530 898 765 972 trementesque
779 886 961 964 discedunt,
972 890 1030 972 qui
1046 885 1131 950 hunc
1146 885 1248 950 solum
1261 908 1303 951 ex

345 987 494 1050 omnibus
515 986 724 1052 facultatibus
749 987 817 1051 suis
840 987 964 1050 miserae
988 987 1082 1051 matri
1105 986 1302 1072 reliquerant

348 1086 466 1151 cibum.
514 1087 647 1173 Repleta
662 1101 710 1152 est
724 1101 833 1152 autem
848 1085 1010 1152 confestim
1033 1088 1181 1151 universa
1194 1087 1307 1153 civitas

348 1189 459 1253 nefarii
485 1190 609 1254 sceleris
635 1191 763 1271 nuncio,
789 1202 820 1255 et
848 1191 1072 1281 unusquisque
1097 1203 1172 1255 ante
1196 1189 1308 1255 oculos

348 1291 483 1371 facinus,
497 1292 585 1377 quod
601 1305 820 1378 perpetratum
836 1293 954 1368 fuerat,
965 1293 1138 1370 adducens,
1154 1307 1304 1379 tanquam

348 1395 374 1460 si
405 1396 474 1482 ipse
502 1395 563 1460 hoc
587 1411 810 1482 perpetrasset,
835 1395 994 1460 horrebat.
1037 1397 1156 1460 Omnes
1186 1409 1305 1470 autem,

347 1519 432 1587 quos
456 1496 551 1562 famis
574 1498 742 1562 necessitas
765 1498 972 1584 perurgebat,
991 1497 1183 1563 festinabant
1206 1500 1308 1582 magis

348 1597 390 1661 ad
422 1609 569 1676 mortem,
600 1599 709 1663 beatos
744 1598 886 1662 dicentes
920 1621 986 1675 eos,
1019 1597 1138 1683 quibus
1172 1597 1307 1683 contigit

348 1701 505 1782 interisse,
534 1702 721 1789 priusquam
753 1701 866 1765 talium
898 1699 1052 1764 malorum
1089 1700 1309 1787 polluerentur

350 1803 477 1868 auditu.
524 1808 606 1869 Haec
621 1803 752 1890 quidem
768 1803 945 1890 Josephus.

394 1976 475 2060 Cap.
493 1969 521 2040 ‘7.
546 1976 598 2040 De
611 1997 748 2039 numero
762 1978 974 2058 captivorum,
990 1983 1022 2040 et
1035 1978 1220 2050 occisorum,
1236 1982 1267 2039 et

654 2086 889 2162 peremptorum
898 2083 1000 2164 same.

395 2214 498 2291 Quum
513 2235 588 2278 vero
602 2225 692 2280 tanta
702 2213 865 2279 calamitas
876 2214 1031 2279 invenerit
1043 2215 1182 2293 exitum,
1193 2216 1306 2282 eodem

351 2327 480 2379 auctore
507 2315 675 2402 perpaucis
696 2315 873 2381 adnectam.
919 2317 1082 2403 Colligens
1104 2318 1186 2383 enirn
1211 2342 1309 2405 supra

352 2416 459 2482 dictus
483 2417 768 2504 historiographus,
790 2442 914 2483 omnem
938 2443 1105 2486 numerum
1128 2435 1310 2512 perempto·

351 2542 423 2583 rurn
450 2524 501 2584 vel
527 2519 621 2595 fame,
642 2520 693 2584 vel
719 2519 784 2597 siti,
808 2521 859 2585 vel
885 2520 980 2598 ferro,
1004 2521 1154 2585 undecies
1176 2536 1310 2588 centena

352 2621 452 2685 millia
465 2621 655 2706 designavit.
696 2622 838 2685 Caeteros
850 2645 925 2685 vero
939 2626 1089 2698 latrones,
1106 2622 1156 2684 vel
1172 2622 1309 2698 sicarios,

351 2748 389 2789 ac
409 2724 587 2810 praedones,
603 2736 676 2810 post
697 2723 786 2788 urbis
807 2723 979 2802 excidium,
994 2724 1118 2788 mutuis
1137 2723 1311 2790 declaravit

351 2825 495 2889 interisse
505 2823 700 2888 vulneribus.
729 2821 859 2887 Electos
869 2836 977 2887 autem
988 2845 1136 2909 quosque
1141 2825 1311 2910 juvenum,

351 2949 434 3013 quos
457 2925 552 2987 decor
574 2924 716 3008 corporis
742 2936 775 2987 et
796 2924 970 3009 proceritas
995 2925 1248 3004 commendabat,
1270 2926 1311 2990 ad

351 3025 553 3110 triumphum
576 3022 654 3086 dicit
676 3046 742 3086 esse
760 3036 947 3098 reservatos,
964 3023 1105 3108 reliquos
1125 3039 1231 3088 autem
1255 3025 1310 3110 qui

352 3147 451 3208 snpra
475 3145 545 3188 xvn
571 3144 670 3186 annos
695 3123 833 3207 agebant
860 3123 976 3199 aetatis,
1002 3127 1126 3187 vinctos
1152 3125 1193 3189 ad
1216 3147 1313 3211 opera

353 3231 491 3315 AEgypti
507 3249 564 3312 per
587 3225 715 3289 metalla
729 3225 915 3306 destinatos,
930 3225 982 3290 vel
1004 3247 1061 3310 per
1084 3239 1217 3291 caeteras
1239 3249 1312 3313 pro-

353 3331 474 3396 vincias
504 3351 572 3394 esse
602 3327 771 3414 dispersos.
824 3325 888 3392 Alii
920 3327 1048 3414 quidem
1081 3341 1118 3393 ut
1147 3329 1187 3393 ad
1218 3329 1313 3393 ludos

352 3430 569 3520 gladiatorios,
593 3429 647 3494 alii
671 3443 708 3494 ut
730 3430 770 3494 ad
798 3429 916 3495 bestias
938 3430 1148 3495 traderentur.
1197 3429 1313 3519 siqui

353 3558 430 3600 vero
446 3534 532 3599 ultra
552 3533 721 3621 septimum
746 3544 777 3596 et
793 3531 951 3598 decimum
975 3534 1078 3598 aetatis
1099 3534 1216 3620 reperti
1235 3548 1313 3601 suut

354 3659 485 3713 annum,
501 3658 558 3722 per
572 3635 713 3699 diversas
728 3634 907 3721 provincias
926 3635 959 3698 in
977 3635 1160 3701 servitutem
1176 3635 1311 3701 distrahi

349 3739 433 3824 jussi
449 3749 533 3811 sunt,
545 3758 681 3823 quorum
695 3758 847 3799 numerus
860 3759 961 3822 usque
976 3736 1017 3800 ad
1032 3738 1203 3819 nonaginta
1214 3736 1312 3803 millia

355 3838 531 3927 perductus
545 3852 602 3904 est.
648 3841 730 3901 Haec
750 3859 825 3900 vero
839 3837 946 3900 omnia
967 3851 1058 3922 gesta
1074 3850 1149 3902 sunt
1171 3838 1313 3903 secundo

355 3963 439 4006 anno
455 3940 639 4028 Vespasiani
656 3939 792 4026 imperii,
808 3938 908 4023 juxta
921 3963 958 4003 ea
979 3963 1054 4024 quae
1068 3941 1137 4026 ipse
1154 3941 1312 4005 Dominus

356 4056 389 4108 et
406 4043 553 4108 Salvator
563 4054 672 4107 noster
682 4043 705 4104 J
707 4064 779 4106 esus
792 4042 942 4108 Christus
956 4042 1167 4129 praedixerat:
1192 4046 1312 4126 quippe

356 4168 455 4231 quum
472 4168 519 4225 ea,
529 4168 603 4231 quae
615 4145 755 4230 gerenda
765 4158 868 4220 erant,
879 4145 1047 4231 praesentia
1060 4143 1191 4205 videret.
1217 4145 1312 4206 Tunc

356 4271 460 4334 quum
477 4248 648 4314 secundum
665 4248 900 4332 evangeliorum
918 4247 1012 4311 fidem
1027 4244 1138 4307 videns
1153 4243 1311 4309 civitatem
