3309 5309
236 673 347 755 enon]
593 694 845 748 nonroaarrcus'.
1154 695 1191 753 la

235 866 416 924 ascensum,
439 859 534 931 prout
555 869 736 936 quenquam
764 854 929 934 monuisti,
949 877 1016 920 nou
1040 860 1192 924 ascendo.

235 950 341 1020 Quare
350 949 527 1033 majoribus
538 974 589 1015 me
600 976 666 1017 non
677 956 785 1037 ingero
797 958 907 1035 curiis,
916 978 1013 1041 quum
1026 960 1084 1023 tibi
1097 962 1193 1024 etiam

235 1050 387 1113 Isocratis
416 1072 626 1135 responsurus
651 1077 722 1117 sum
748 1059 862 1120 verbo:
898 1060 953 1143 qui
979 1060 1193 1143 interrogatus

236 1152 274 1213 ab
286 1152 411 1228 amicis,
423 1174 520 1239 quare
530 1176 595 1217 non
611 1156 645 1218 in
660 1156 839 1221 forensibus
851 1157 995 1244 negociis
1007 1174 1194 1241 versaretur,

236 1254 422 1336 respondit;
450 1256 530 1327 Quae
553 1259 645 1321 locus
666 1260 721 1322 hic
744 1263 850 1340 callet,
874 1284 933 1344 ego
961 1264 1092 1341 nesci03
1119 1286 1193 1349 qua*

238 1378 297 1439 ego
321 1359 434 1434 calleo,
459 1360 549 1422 locus
573 1361 625 1424 hic
652 1363 766 1426 nescit.
811 1365 885 1447 Ego
907 1365 992 1427 enim
1018 1376 1192 1431 contemno

238 1481 308 1542 quae
330 1460 379 1521 illi
401 1460 498 1523 aulici
520 1462 674 1539 ambiunt,
690 1474 722 1528 et
736 1487 809 1548 quae
833 1487 894 1546 ego
917 1467 1024 1530 ambio
1045 1467 1093 1529 illi
1115 1489 1191 1530 con-

237 1570 391 1625 temnunt.
446 1563 563 1628 Mirare
594 1564 697 1645 magis
734 1588 832 1649 quare
862 1588 928 1629 non
957 1567 1110 1650 praecido,
1139 1581 1193 1631 aut

237 1682 350 1746 rumpo
370 1663 490 1742 sunem,
513 1665 540 1727 si
563 1666 641 1728 alias
668 1666 747 1727 solvi
767 1686 834 1729 non
861 1676 980 1748 potest,
1003 1668 1058 1749 qui
1085 1668 1192 1732 mein

238 1765 411 1828 curialibus
425 1768 520 1849 ungis
541 1767 662 1831 tamdiu
685 1769 797 1847 tenuit,
813 1779 847 1832 et
867 1779 955 1832 tenet
974 1768 1080 1832 adhuc
1097 1778 1192 1834 tautae

238 1867 415 1929 obnoxium
438 1870 590 1933 servituti.
634 1870 708 1933 Jarn
724 1871 812 1933 enim
833 1870 926 1934 annis
942 1870 1006 1933 sere
1022 1870 1193 1935 duodecim

238 1977 393 2051 nugatum
408 1993 478 2035 esse
492 1970 601 2051 taedet,
615 1981 646 2036 et
661 1973 797 2054 poenitet
818 1994 870 2035 me
884 1974 980 2055 longe
996 1973 1088 2035 aliter
1101 1972 1191 2035 insti-

240 2079 353 2145 tutum,
370 2080 403 2135 et
416 2075 506 2157 quasi
521 2074 700 2137 sacratioris
715 2074 928 2158 philosophiae
943 2077 1097 2138 lactatum
1113 2074 1193 2138 ube·

238 2172 336 2247 ribuS,
359 2174 618 2258 ablactatumque
647 2173 797 2237 decuerat
823 2173 865 2237 ad
895 2174 1190 2258 philosophantium

238 2274 386 2337 transisse
410 2286 539 2352 cretum,
555 2296 650 2360 quam
674 2274 714 2339 ad
738 2275 877 2356 collegia
898 2287 1101 2356 nugatorum.
1146 2276 1192 2338 Et

239 2386 268 2437 te
294 2375 425 2458 quidem
448 2377 550 2439 sentio
572 2378 605 2439 in
628 2375 741 2440 eadem
769 2376 954 2440 conditione
978 2377 1107 2453 versari,
1129 2377 1192 2439 nisi

239 2477 314 2559 quia
335 2478 451 2540 rectior
466 2490 498 2541 et
512 2477 710 2561 prudentior,
725 2479 753 2540 si
768 2478 847 2541 sacis
863 2477 950 2561 quod
965 2477 1111 2560 expedit,
1127 2487 1194 2541 stas

239 2599 363 2662 semper
384 2580 536 2643 immotus
558 2580 592 2642 in
615 2580 727 2643 solidae
747 2579 872 2642 virtutis
893 2578 1111 2655 fundamento,
1133 2600 1192 2643 nec

239 2679 368 2760 agitaris
394 2680 569 2745 arundinea
594 2682 734 2756 levitate,
757 2701 817 2742 nec
850 2678 1028 2741 delitiarum
1061 2678 1193 2741 sectaris

240 2781 359 2857 mollia,
373 2782 430 2845 sed
445 2783 519 2865 ipsi,
528 2804 599 2865 quae
611 2780 731 2844 mundo
746 2781 893 2863 imperat,
902 2780 1040 2864 imperas
1052 2778 1193 2842 vanitati.

240 2882 337 2947 Unde
349 2905 445 2969 quum
453 2884 651 2948 tibidiversae
658 2883 831 2967 provinciae
839 2882 999 2963 congestis
1009 2881 1193 2944 meritarum

238 2984 368 3047 laudum
385 2986 566 3068 praeconiis,
580 2986 673 3069 quasi
686 3007 795 3047 arcum
811 2986 936 3066 erigant
950 2982 1193 3063 triumphalem:

239 3105 299 3164 ego
309 3085 357 3145 vir
367 3084 512 3164 plebeius
526 3084 678 3146 stridente
688 3084 796 3146 fistula
810 3081 926 3144 inculti
937 3079 1067 3161 eloquii,
1077 3078 1194 3140 librum

237 3186 327 3247 hunc
359 3181 400 3245 ad
430 3183 582 3245 honorem
611 3196 713 3259 tuum,
739 3185 825 3245 velut
850 3180 997 3263 lapillum
1022 3180 1057 3240 in
1081 3199 1195 3241 acervo

237 3284 474 3369 praeconiorum
492 3295 619 3346 tuorum
635 3283 779 3367 conjeci3
803 3282 908 3345 sciens
925 3280 1002 3365 quia
1024 3280 1107 3343 sicut
1128 3302 1194 3344 non

238 3388 346 3466 habet,
366 3387 453 3449 uude
475 3387 603 3470 placeat
625 3408 668 3449 ex
690 3394 868 3464 venustate,
887 3385 934 3447 sic
957 3406 999 3447 ex
1023 3379 1194 3448 devotione

240 3492 408 3555 scribentis
430 3512 494 3554 non
518 3490 637 3573 poterit
659 3489 839 3572 displicere.
886 3489 997 3569 Nugas
1019 3508 1077 3571 pro
1100 3498 1190 3571 parte

240 3595 383 3657 continet
397 3594 544 3670 curiales,
559 3593 656 3655 ethis
676 3591 778 3673 magis
792 3590 912 3654 insistit
928 3591 1047 3673 quibus
1062 3602 1192 3671 urgetur

240 3695 351 3775 magis.
395 3694 459 3756 Pro
480 3702 571 3778 parte
593 3703 698 3756 autem
716 3701 857 3756 versatur
873 3692 904 3753 iu
921 3691 1063 3773 vestigiis
1086 3691 1193 3773 philo·

241 3797 434 3879 sophorum3
468 3793 548 3880 quid
568 3795 603 3857 in
626 3794 759 3875 singulis
781 3791 968 3874 fugiendum
991 3790 1044 3866 sit,
1065 3800 1122 3854 aut
1143 3812 1199 3876 se·¹

242 3897 415 3981 quendum,
431 3896 615 3979 relinquens
633 3895 763 3957 arbitrio
786 3893 952 3977 sapientis·
997 3894 1042 3954 Et
1062 3893 1193 3976 quiana

241 3998 361 4061 laedant
395 3998 545 4080 aliquem,
574 4016 648 4059 eum
683 3994 824 4079 oportuit
858 3993 1032 4070 conveniri,
1060 3994 1094 4055 in
1130 4014 1194 4075 quo

243 4099 324 4162 nihil
349 4098 551 4180 nugatorium
580 4096 683 4181 possit
708 4096 815 4178 argui:
855 4104 886 4156 te
910 4095 1046 4156 virorum
1077 4105 1193 4156 nostrae

245 4201 345 4264 aetatis
382 4200 653 4282 elegantissimum
683 4198 812 4262 decrevi
850 4198 1030 4272 convenire,
1060 4206 1093 4258 et
1123 4216 1195 4275 quae

245 4302 391 4365 ridentur
406 4301 438 4363 in
460 4302 523 4365 mei
545 4300 703 4365 similibus
723 4298 885 4381 arguenda
906 4296 1095 4361 describere.
1140 4295 1195 4359 Sic
