3309 5309
755 669 894 714 CAP.
924 654 1054 726 x1.]
1094 691 1104 698 -
1466 666 1973 712 PoLchArxcus.
2536 649 2664 710 255

751 817 1157 882 manifestum
1193 815 1586 892 veneficium,
1619 827 1681 879 et
1725 813 2132 900 parricidium
2165 811 2428 876 auderet
2454 815 2661 877 absol-

750 938 918 996 vere,
968 917 1068 980 vel
1123 916 1498 992 vindictam,
1549 938 1699 1001 quae
1747 917 1819 978 in
1882 916 2135 1000 impios,
2189 925 2251 978 et
2315 913 2659 998 parricidas

750 1032 1162 1103 processerat,
1183 1019 1614 1082 condemnare.
1682 1019 1847 1081 Rem
1877 1018 2096 1102 itaque
2117 1017 2201 1081 ad
2235 1017 2659 1100 Areopagitas

746 1119 1262 1199 Atheniensium,
1293 1131 1597 1203 tanquam
1637 1118 1721 1181 ad
1757 1118 2011 1201 judices
2045 1116 2370 1202 graviores
2414 1117 2651 1180 exerci-

741 1219 1130 1305 tatioresque
1173 1219 1408 1304 rejecit.
1485 1224 1571 1284 At
1616 1218 1733 1296 illi,
1764 1242 1955 1282 causa
1997 1219 2271 1301 cognita,
2302 1230 2544 1282 actores
2587 1230 2651 1283 et

741 1340 913 1385 ream
948 1319 1273 1382 mulierem
1307 1318 1649 1382 centesimo
1679 1340 1844 1381 anno
1871 1317 2086 1380 adesse
2107 1318 2456 1400 jusserunt.
2547 1318 2651 1380 Sic

740 1431 958 1484 autem
1010 1442 1218 1504 neque
1267 1419 1664 1495 veneficium,
1720 1417 1895 1503 quod
1946 1417 2026 1480 de
2082 1416 2223 1500 lege
2272 1440 2397 1481 non
2446 1418 2648 1499 licuit,

739 1519 1104 1584 absolutum
1149 1532 1266 1599 est,
1312 1542 1517 1603 neque
1562 1541 1793 1582 nocens
1842 1517 2067 1601 punita
2117 1516 2368 1593 mulier,
2414 1517 2517 1581 cui
2563 1540 2642 1580 ex

739 1618 1052 1684 sententia
1081 1624 1428 1684 multorum
1461 1619 1644 1680 venia
1674 1629 1920 1702 poterat
1950 1616 2287 1700 indulgeri.
2378 1618 2523 1679 Hoc
2552 1618 2644 1682 ita

732 1720 954 1794 fuisse,
985 1742 1189 1784 nonus
1221 1719 1379 1783 liber
1410 1717 1910 1783 memorabilium
1954 1717 2269 1781 dictorum
2304 1715 2403 1778 vel
2441 1717 2637 1780 facto-

731 1842 877 1883 rum
910 1820 1148 1886 Valerii
1179 1820 1451 1884 Maximi
1495 1820 1700 1883 docet.
1792 1820 2110 1883 Caeterum
2153 1830 2218 1881 et
2251 1818 2547 1897 Brutum,
2575 1829 2637 1880 et

731 1921 1061 1985 mulierem
1093 1922 1436 2007 deliquisse
1467 1921 1851 1986 consentiam
1883 1920 2090 1997 facile,
2114 1943 2189 1982 eo
2216 1919 2391 2004 quod
2423 1941 2636 1984 exces-

730 2023 883 2088 serit
912 2021 1225 2087 medicina
1256 2022 1539 2101 modum,

1284 2155 1601 2223 nimiumque
1626 2161 1843 2224 sequuta
1867 2161 1964 2220 est,

935 2238 1058 2300 Qua
1082 2240 1245 2291 morbi
1268 2240 1464 2292 duxere
1488 2257 1717 2292 manum.

727 2357 820 2420 Et
865 2354 1013 2420 licet
1063 2380 1293 2441 magna
1343 2359 1581 2422 fuerint
1626 2360 1910 2435 crimina,
1956 2358 2363 2444 praestantius
2413 2358 2622 2421 fuerat

723 2456 943 2520 eadem
977 2455 1107 2519 sine
1149 2459 1474 2541 punientis
1513 2459 1774 2522 crimine
1810 2459 2134 2523 vindicari.
2212 2457 2402 2523 Unde
2437 2469 2498 2521 et
2530 2459 2625 2520 in-

719 2555 1044 2620 felicitatis
1093 2559 1516 2623 testimonium
1571 2563 1780 2623 Bruto
1837 2559 2128 2642 perhibet
2189 2558 2374 2621 etiam
2436 2571 2625 2642 poeta

710 2655 1044 2721 laudator:
1093 2657 1178 2723 ait
1211 2659 1374 2722 enim
1406 2659 1470 2721 in
1507 2671 1691 2721 sexto
1724 2659 2052 2741 Virgilius,

1131 2792 1399 2856 Natosque
1421 2796 1568 2859 pater
1589 2806 1725 2841 nova
1746 2788 1887 2840 bella
1909 2792 2196 2850 moventes,

921 2872 1010 2923 Ad
1034 2890 1243 2943 poenam
1267 2873 1480 2942 pulchra
1501 2891 1592 2943 pro
1612 2872 1854 2925 libertate
1876 2873 2093 2925 vocabat

921 2956 1135 3019 Infelix,
1158 2961 1416 3024 utcunque
1437 2957 1608 3009 ferent
1632 2965 1687 3010 et
1707 2958 1846 3010 facta
1868 2959 2110 3010 minores.

706 3075 793 3138 At
821 3071 1248 3135 infortunium
1282 3073 1606 3156 parricidii
1649 3075 1738 3137 sic
1769 3097 1950 3137 versu
1995 3075 2282 3160 sequenti
2327 3088 2610 3152 excusat,

705 3185 780 3237 ut
811 3171 1019 3236 inanis
1046 3170 1268 3255 gloriae
1299 3186 1528 3256 arguat
1558 3173 1913 3250 veritatem,
1945 3173 2161 3237 dicens

918 3304 1114 3357 Vincet
1137 3321 1279 3356 amor
1300 3306 1498 3375 patriae,
1516 3304 1830 3372 laudumque
1852 3306 2106 3358 immensa
2127 3307 2328 3377 cupido.

714 3423 864 3501 Sed,
894 3446 973 3487 ne
998 3423 1143 3508 quis
1166 3425 1394 3488 amodo
1422 3427 1694 3490 Brutum
1720 3426 2028 3500 imitetur,
2053 3425 2363 3511 populum
2394 3427 2605 3493 liberis

699 3524 1066 3611 proeferens,
1088 3525 1325 3589 frustra
1348 3525 1804 3606 sollicitaberiS,
1829 3549 2032 3611 quum
2062 3526 2163 3590 vel
2195 3528 2348 3592 vitia
2377 3528 2605 3593 libero-

700 3647 845 3689 rum
901 3625 1092 3688 saluti
1136 3626 1503 3712 reipublicae
1554 3628 1999 3711 praeferantur,
2046 3626 2189 3691 licet
2232 3641 2473 3693 certum
2521 3631 2603 3694 sit

698 3724 875 3810 quod
901 3725 1165 3790 salutem
1190 3726 1410 3811 populi
1433 3726 1644 3791 liberis
1662 3727 1956 3791 omnibus
1972 3741 2264 3814 oporteat
2283 3730 2601 3794 anteferri.

700 3825 780 3888 In
813 3824 979 3888 libro
1012 3825 1264 3909 Regum
1297 3827 1586 3909 arguitur
1619 3830 1794 3909 Saul,
1816 3829 1987 3913 quod
2019 3851 2221 3915 quum
2252 3830 2426 3894 facto
2455 3845 2603 3900 voto

694 3925 775 3989 de
797 3925 1026 3989 diurno
1045 3927 1314 4009 jejunio,
1342 3929 1461 3992 sub
1481 3928 1838 3993 discrimine
1860 3925 2027 3996 illius
2046 3932 2161 4016 qui
2182 3946 2329 3997 ante
2350 3945 2599 3998 noctem

693 4039 915 4090 contra
962 4039 1182 4091 votum
1236 4042 1508 4094 sumeret
1567 4031 1806 4112 cibum,
1855 4034 2169 4098 Jonathas
2226 4033 2398 4098 filius
2456 4034 2597 4116 ejus

692 4127 838 4203 mel,
860 4127 1030 4213 quod
1058 4145 1326 4215 sceptro,
1350 4131 1416 4194 id
1448 4144 1561 4211 est,
1584 4133 1766 4197 hasta
1788 4135 2108 4218 tetigerat,
2130 4139 2599 4219 praegustasset,

688 4239 955 4310 paterno
978 4240 1189 4291 motus
1211 4229 1462 4307 affectu,
1487 4245 1708 4295 contra
1728 4232 2049 4315 religionis
2074 4243 2291 4295 votum
2316 4227 2597 4314 pepercit
