<?xml version="1.0" encoding="UTF-8"?>
<!DOCTYPE html PUBLIC "-//W3C//DTD XHTML 1.0 Transitional//EN"
    "http://www.w3.org/TR/xhtml1/DTD/xhtml1-transitional.dtd">
<html xmlns="http://www.w3.org/1999/xhtml" xml:lang="en" lang="en">
 <head>
  <title>
</title>
<meta http-equiv="Content-Type" content="text/html;charset=utf-8" />
  <meta name='ocr-system' content='tesseract 3.04.00' />
  <meta name='ocr-capabilities' content='ocr_page ocr_carea ocr_par ocr_line ocrx_word'/>
</head>
<body>
  <div class='ocr_page' id='page_1' title='image "./joannissaresber04johngoog_0177.png"; bbox 0 0 3309 5309; ppageno 0'>
   <div class='ocr_carea' id='block_1_1' title="bbox 206 675 1159 756">
    <p class='ocr_par' dir='ltr' id='par_1_1' title="bbox 206 675 1159 756">
     <span class='ocr_line' id='line_1_1' title="bbox 206 675 1159 756; baseline -0.006 -18"><span class='ocrx_word' id='word_1_1' title='bbox 206 694 278 738; x_wconf 75' lang='lat' dir='ltr'><strong>cnr.</strong></span> <span class='ocrx_word' id='word_1_2' title='bbox 299 677 336 756; x_wconf 89' lang='lat'><strong>1.]</strong></span> <span class='ocrx_word' id='word_1_3' title='bbox 552 686 807 737; x_wconf 74' lang='lat' dir='ltr'><strong>Ponrcnsrrcus.</strong></span> <span class='ocrx_word' id='word_1_4' title='bbox 1103 675 1159 732; x_wconf 86' lang='lat' dir='ltr'><strong>tol</strong></span> 
     </span>
    </p>
   </div>
   <div class='ocr_carea' id='block_1_2' title="bbox 205 839 1160 1741">
    <p class='ocr_par' dir='ltr' id='par_1_2' title="bbox 205 839 1160 1741">
     <span class='ocr_line' id='line_1_2' title="bbox 207 839 1160 927; baseline -0.004 -21"><span class='ocrx_word' id='word_1_5' title='bbox 207 843 327 907; x_wconf 91' lang='lat' dir='ltr'><strong>homini</strong></span> <span class='ocrx_word' id='word_1_6' title='bbox 338 842 485 907; x_wconf 88' lang='lat' dir='ltr'><strong>alienum.</strong></span> <span class='ocrx_word' id='word_1_7' title='bbox 521 841 657 906; x_wconf 80' lang='lat' dir='ltr'>Virtutis</span> <span class='ocrx_word' id='word_1_8' title='bbox 668 864 743 904; x_wconf 90' lang='lat' dir='ltr'><strong>vero</strong></span> <span class='ocrx_word' id='word_1_9' title='bbox 755 863 930 927; x_wconf 90' lang='lat' dir='ltr'><strong>processus,</strong></span> <span class='ocrx_word' id='word_1_10' title='bbox 940 839 1160 923; x_wconf 83' lang='lat' dir='ltr'><strong>ambiguitatis</strong></span> 
     </span>
     <span class='ocr_line' id='line_1_3' title="bbox 207 939 1157 1030; baseline -0.006 -23"><span class='ocrx_word' id='word_1_11' title='bbox 207 945 307 1030; x_wconf 86' lang='lat' dir='ltr'><strong>hujus</strong></span> <span class='ocrx_word' id='word_1_12' title='bbox 330 943 448 1006; x_wconf 91' lang='lat' dir='ltr'><strong>nodum</strong></span> <span class='ocrx_word' id='word_1_13' title='bbox 465 943 570 1022; x_wconf 91' lang='lat' dir='ltr'><strong>solvit,</strong></span> <span class='ocrx_word' id='word_1_14' title='bbox 586 964 686 1026; x_wconf 90' lang='lat' dir='ltr'><strong>quum</strong></span> <span class='ocrx_word' id='word_1_15' title='bbox 710 955 742 1005; x_wconf 89' lang='lat' dir='ltr'><strong>et</strong></span> <span class='ocrx_word' id='word_1_16' title='bbox 765 942 904 1005; x_wconf 90' lang='lat' dir='ltr'><strong>comicus</strong></span> <span class='ocrx_word' id='word_1_17' title='bbox 926 940 1005 1004; x_wconf 93' lang='lat' dir='ltr'><strong>nihil</strong></span> <span class='ocrx_word' id='word_1_18' title='bbox 1028 939 1157 1004; x_wconf 89' lang='lat' dir='ltr'><strong>humani</strong></span> 
     </span>
     <span class='ocr_line' id='line_1_4' title="bbox 207 1042 1157 1130; baseline -0.006 -21"><span class='ocrx_word' id='word_1_19' title='bbox 207 1045 345 1109; x_wconf 83' lang='lat' dir='ltr'><strong>alienum</strong></span> <span class='ocrx_word' id='word_1_20' title='bbox 369 1068 388 1108; x_wconf 91' lang='lat' dir='ltr'><strong>a</strong></span> <span class='ocrx_word' id='word_1_21' title='bbox 410 1068 442 1108; x_wconf 89' lang='lat' dir='ltr'><strong>se</strong></span> <span class='ocrx_word' id='word_1_22' title='bbox 465 1057 600 1130; x_wconf 88' lang='lat' dir='ltr'><strong>reputet,</strong></span> <span class='ocrx_word' id='word_1_23' title='bbox 620 1057 651 1108; x_wconf 94' lang='lat' dir='ltr'><strong>et</strong></span> <span class='ocrx_word' id='word_1_24' title='bbox 672 1043 822 1126; x_wconf 86' lang='lat' dir='ltr'><strong>magister</strong></span> <span class='ocrx_word' id='word_1_25' title='bbox 839 1042 977 1108; x_wconf 89' lang='lat' dir='ltr'><strong>coelestis</strong></span> <span class='ocrx_word' id='word_1_26' title='bbox 998 1042 1157 1105; x_wconf 89' lang='lat' dir='ltr'><strong>hominem</strong></span> 
     </span>
     <span class='ocr_line' id='line_1_5' title="bbox 205 1141 1158 1232; baseline -0.007 -21"><span class='ocrx_word' id='word_1_27' title='bbox 205 1148 326 1212; x_wconf 90' lang='lat' dir='ltr'><strong>homini</strong></span> <span class='ocrx_word' id='word_1_28' title='bbox 355 1147 553 1232; x_wconf 86' lang='lat' dir='ltr'><strong>diligendum</strong></span> <span class='ocrx_word' id='word_1_29' title='bbox 584 1146 728 1210; x_wconf 85' lang='lat' dir='ltr'><strong>docuerit</strong></span> <span class='ocrx_word' id='word_1_30' title='bbox 760 1158 796 1210; x_wconf 93' lang='lat' dir='ltr'><strong>ut</strong></span> <span class='ocrx_word' id='word_1_31' title='bbox 827 1169 860 1209; x_wconf 90' lang='lat' dir='ltr'><strong>se</strong></span> <span class='ocrx_word' id='word_1_32' title='bbox 889 1146 1004 1231; x_wconf 89' lang='lat' dir='ltr'><strong>ipsum.</strong></span> <span class='ocrx_word' id='word_1_33' title='bbox 1060 1141 1158 1208; x_wconf 85' lang='lat' dir='ltr'>Unde</span> 
     </span>
     <span class='ocr_line' id='line_1_6' title="bbox 206 1244 1158 1334; baseline -0.009 -19"><span class='ocrx_word' id='word_1_34' title='bbox 206 1265 296 1334; x_wconf 91' lang='lat' dir='ltr'><strong>patet</strong></span> <span class='ocrx_word' id='word_1_35' title='bbox 317 1248 484 1334; x_wconf 86' lang='lat' dir='ltr'><strong>indignum</strong></span> <span class='ocrx_word' id='word_1_36' title='bbox 505 1272 571 1312; x_wconf 86' lang='lat' dir='ltr'><strong>esse</strong></span> <span class='ocrx_word' id='word_1_37' title='bbox 592 1261 682 1312; x_wconf 90' lang='lat' dir='ltr'><strong>tanto</strong></span> <span class='ocrx_word' id='word_1_38' title='bbox 706 1245 858 1330; x_wconf 87' lang='lat' dir='ltr'><strong>magistro</strong></span> <span class='ocrx_word' id='word_1_39' title='bbox 878 1246 1081 1331; x_wconf 86' lang='lat' dir='ltr'><strong>discipulum,</strong></span> <span class='ocrx_word' id='word_1_40' title='bbox 1102 1244 1158 1330; x_wconf 93' lang='lat' dir='ltr'><strong>qui</strong></span> 
     </span>
     <span class='ocr_line' id='line_1_7' title="bbox 207 1345 1157 1435; baseline -0.004 -23"><span class='ocrx_word' id='word_1_41' title='bbox 207 1351 333 1415; x_wconf 85' lang='lat' dir='ltr'><strong>veritati</strong></span> <span class='ocrx_word' id='word_1_42' title='bbox 356 1374 418 1414; x_wconf 91' lang='lat' dir='ltr'><strong>non</strong></span> <span class='ocrx_word' id='word_1_43' title='bbox 441 1351 632 1435; x_wconf 82' lang='lat' dir='ltr'><strong>congaudet,</strong></span> <span class='ocrx_word' id='word_1_44' title='bbox 656 1363 688 1414; x_wconf 91' lang='lat' dir='ltr'><strong>et</strong></span> <span class='ocrx_word' id='word_1_45' title='bbox 710 1348 862 1413; x_wconf 84' lang='lat' dir='ltr'><strong>adversus</strong></span> <span class='ocrx_word' id='word_1_46' title='bbox 884 1348 1022 1434; x_wconf 88' lang='lat' dir='ltr'><strong>publicae</strong></span> <span class='ocrx_word' id='word_1_47' title='bbox 1048 1345 1157 1411; x_wconf 88' lang='lat' dir='ltr'><strong>salutis</strong></span> 
     </span>
     <span class='ocr_line' id='line_1_8' title="bbox 207 1448 1159 1536; baseline -0.004 -21"><span class='ocrx_word' id='word_1_48' title='bbox 207 1451 313 1517; x_wconf 86' lang='lat' dir='ltr'><strong>hostes</strong></span> <span class='ocrx_word' id='word_1_49' title='bbox 327 1474 389 1516; x_wconf 92' lang='lat' dir='ltr'><strong>non</strong></span> <span class='ocrx_word' id='word_1_50' title='bbox 402 1452 611 1516; x_wconf 80' lang='lat' dir='ltr'><strong>excandescit.</strong></span> <span class='ocrx_word' id='word_1_51' title='bbox 645 1454 713 1516; x_wconf 82' lang='lat' dir='ltr'><strong>Eos</strong></span> <span class='ocrx_word' id='word_1_52' title='bbox 723 1474 798 1514; x_wconf 87' lang='lat' dir='ltr'><strong>vero</strong></span> <span class='ocrx_word' id='word_1_53' title='bbox 814 1474 873 1536; x_wconf 91' lang='lat' dir='ltr'><strong>pro</strong></span> <span class='ocrx_word' id='word_1_54' title='bbox 888 1464 980 1535; x_wconf 87' lang='lat' dir='ltr'><strong>parte</strong></span> <span class='ocrx_word' id='word_1_55' title='bbox 995 1448 1159 1536; x_wconf 86' lang='lat' dir='ltr'><strong>praesentis</strong></span> 
     </span>
     <span class='ocr_line' id='line_1_9' title="bbox 207 1552 1159 1641; baseline -0.005 -23"><span class='ocrx_word' id='word_1_56' title='bbox 207 1555 364 1641; x_wconf 77' lang='lat' dir='ltr'><strong>opusculi,</strong></span> <span class='ocrx_word' id='word_1_57' title='bbox 376 1554 579 1639; x_wconf 84' lang='lat' dir='ltr'><strong>aliquatenus</strong></span> <span class='ocrx_word' id='word_1_58' title='bbox 595 1554 696 1638; x_wconf 85' lang='lat' dir='ltr'><strong>tangit</strong></span> <span class='ocrx_word' id='word_1_59' title='bbox 709 1552 859 1624; x_wconf 84' lang='lat' dir='ltr'><strong>intentio;</strong></span> <span class='ocrx_word' id='word_1_60' title='bbox 884 1570 915 1616; x_wconf 84' lang='lat' dir='ltr'><strong>et</strong></span> <span class='ocrx_word' id='word_1_61' title='bbox 925 1574 1027 1636; x_wconf 87' lang='lat' dir='ltr'><strong>nugas</strong></span> <span class='ocrx_word' id='word_1_62' title='bbox 1038 1573 1159 1626; x_wconf 86' lang='lat' dir='ltr'><strong>eorum,</strong></span> 
     </span>
     <span class='ocr_line' id='line_1_10' title="bbox 209 1653 878 1741; baseline -0.007 -20"><span class='ocrx_word' id='word_1_63' title='bbox 209 1678 275 1741; x_wconf 93' lang='lat' dir='ltr'><strong>quo</strong></span> <span class='ocrx_word' id='word_1_64' title='bbox 290 1666 395 1741; x_wconf 83' lang='lat' dir='ltr'><strong>potest</strong></span> <span class='ocrx_word' id='word_1_65' title='bbox 409 1669 441 1720; x_wconf 90' lang='lat' dir='ltr'><strong>et</strong></span> <span class='ocrx_word' id='word_1_66' title='bbox 457 1656 633 1735; x_wconf 77' lang='lat' dir='ltr'><strong>consuerit,</strong></span> <span class='ocrx_word' id='word_1_67' title='bbox 649 1653 713 1718; x_wconf 92' lang='lat' dir='ltr'><strong>telo</strong></span> <span class='ocrx_word' id='word_1_68' title='bbox 727 1653 878 1717; x_wconf 88' lang='lat' dir='ltr'><strong>decutiet.</strong></span> 
     </span>
    </p>
   </div>
   <div class='ocr_carea' id='block_1_3' title="bbox 283 1930 1087 2017">
    <p class='ocr_par' dir='ltr' id='par_1_3' title="bbox 283 1930 1087 2017">
     <span class='ocr_line' id='line_1_11' title="bbox 283 1930 1087 2017; baseline -0.006 -20"><span class='ocrx_word' id='word_1_69' title='bbox 283 1931 362 2017; x_wconf 90' lang='lat' dir='ltr'><strong>Cap.</strong></span> <span class='ocrx_word' id='word_1_70' title='bbox 382 1939 408 1997; x_wconf 94' lang='lat' dir='ltr'><strong>l.</strong></span> <span class='ocrx_word' id='word_1_71' title='bbox 435 1933 522 2009; x_wconf 75' lang='lat' dir='ltr'><strong>Quid</strong></span> <span class='ocrx_word' id='word_1_72' title='bbox 532 1933 577 1994; x_wconf 82' lang='lat' dir='ltr'><strong>sit</strong></span> <span class='ocrx_word' id='word_1_73' title='bbox 590 1931 681 1994; x_wconf 79' lang='lat' dir='ltr'><strong>eolus</strong></span> <span class='ocrx_word' id='word_1_74' title='bbox 695 1931 888 1995; x_wconf 74' lang='lat' dir='ltr'><strong>universalis</strong></span> <span class='ocrx_word' id='word_1_75' title='bbox 903 1939 935 1992; x_wconf 85' lang='lat' dir='ltr'><strong>et</strong></span> <span class='ocrx_word' id='word_1_76' title='bbox 944 1930 1087 2011; x_wconf 75' lang='lat' dir='ltr'><strong>publica.</strong></span> 
     </span>
    </p>
   </div>
   <div class='ocr_carea' id='block_1_4' title="bbox 210 2065 1164 2664">
    <p class='ocr_par' dir='ltr' id='par_1_4' title="bbox 210 2065 1164 2664">
     <span class='ocr_line' id='line_1_12' title="bbox 254 2065 1162 2153; baseline 0 -24"><span class='ocrx_word' id='word_1_77' title='bbox 254 2065 321 2132; x_wconf 85' lang='lat' dir='ltr'><strong>Esr</strong></span> <span class='ocrx_word' id='word_1_78' title='bbox 336 2066 432 2151; x_wconf 86' lang='lat' dir='ltr'><strong>igitur</strong></span> <span class='ocrx_word' id='word_1_79' title='bbox 443 2067 528 2132; x_wconf 89' lang='lat' dir='ltr'><strong>salus</strong></span> <span class='ocrx_word' id='word_1_80' title='bbox 543 2066 680 2153; x_wconf 87' lang='lat' dir='ltr'><strong>publica,</strong></span> <span class='ocrx_word' id='word_1_81' title='bbox 693 2087 767 2152; x_wconf 86' lang='lat' dir='ltr'><strong>quae</strong></span> <span class='ocrx_word' id='word_1_82' title='bbox 779 2065 940 2130; x_wconf 89' lang='lat' dir='ltr'><strong>universos</strong></span> <span class='ocrx_word' id='word_1_83' title='bbox 949 2065 1045 2143; x_wconf 76' lang='lat' dir='ltr'><strong>fovet,</strong></span> <span class='ocrx_word' id='word_1_84' title='bbox 1058 2077 1091 2130; x_wconf 90' lang='lat' dir='ltr'><strong>et</strong></span> <span class='ocrx_word' id='word_1_85' title='bbox 1099 2066 1162 2130; x_wconf 89' lang='lat' dir='ltr'><strong>sin-</strong></span> 
     </span>
     <span class='ocr_line' id='line_1_13' title="bbox 210 2167 1162 2254; baseline -0.001 -22"><span class='ocrx_word' id='word_1_86' title='bbox 210 2167 612 2250; x_wconf 84' lang='lat' dir='ltr'><strong>gulos‚incolnmitasvitae.</strong></span> <span class='ocrx_word' id='word_1_87' title='bbox 636 2168 724 2232; x_wconf 93' lang='lat' dir='ltr'><strong>Nihil</strong></span> <span class='ocrx_word' id='word_1_88' title='bbox 733 2168 818 2232; x_wconf 88' lang='lat' dir='ltr'><strong>enim</strong></span> <span class='ocrx_word' id='word_1_89' title='bbox 830 2168 951 2232; x_wconf 88' lang='lat' dir='ltr'><strong>homini</strong></span> <span class='ocrx_word' id='word_1_90' title='bbox 961 2168 1162 2254; x_wconf 75' lang='lat' dir='ltr'><strong>praestantius</strong></span> 
     </span>
     <span class='ocr_line' id='line_1_14' title="bbox 210 2269 1159 2356; baseline 0 -22"><span class='ocrx_word' id='word_1_91' title='bbox 210 2269 275 2334; x_wconf 91' lang='lat' dir='ltr'><strong>vita</strong></span> <span class='ocrx_word' id='word_1_92' title='bbox 285 2271 368 2356; x_wconf 87' lang='lat' dir='ltr'><strong>ejus:</strong></span> <span class='ocrx_word' id='word_1_93' title='bbox 381 2271 599 2336; x_wconf 88' lang='lat' dir='ltr'><strong>incolumitate</strong></span> <span class='ocrx_word' id='word_1_94' title='bbox 610 2270 694 2352; x_wconf 82' lang='lat' dir='ltr'><strong>vitoe,</strong></span> <span class='ocrx_word' id='word_1_95' title='bbox 705 2271 782 2335; x_wconf 90' lang='lat' dir='ltr'><strong>nihil</strong></span> <span class='ocrx_word' id='word_1_96' title='bbox 793 2271 959 2336; x_wconf 90' lang='lat' dir='ltr'><strong>salubrius.</strong></span> <span class='ocrx_word' id='word_1_97' title='bbox 985 2272 1159 2335; x_wconf 86' lang='lat' dir='ltr'><strong>Hominem</strong></span> 
     </span>
     <span class='ocr_line' id='line_1_15' title="bbox 210 2373 1160 2460; baseline 0.002 -25"><span class='ocrx_word' id='word_1_98' title='bbox 210 2393 284 2436; x_wconf 88' lang='lat' dir='ltr'><strong>vero</strong></span> <span class='ocrx_word' id='word_1_99' title='bbox 299 2386 441 2439; x_wconf 85' lang='lat' dir='ltr'><strong>constare</strong></span> <span class='ocrx_word' id='word_1_100' title='bbox 457 2373 613 2438; x_wconf 82' lang='lat' dir='ltr'><strong>exanima</strong></span> <span class='ocrx_word' id='word_1_101' title='bbox 627 2373 783 2451; x_wconf 90' lang='lat' dir='ltr'><strong>rationali,</strong></span> <span class='ocrx_word' id='word_1_102' title='bbox 794 2388 826 2438; x_wconf 86' lang='lat' dir='ltr'><strong>et</strong></span> <span class='ocrx_word' id='word_1_103' title='bbox 841 2397 935 2439; x_wconf 87' lang='lat' dir='ltr'><strong>earne</strong></span> <span class='ocrx_word' id='word_1_104' title='bbox 951 2374 1160 2460; x_wconf 85' lang='lat' dir='ltr'><strong>corruptibili,</strong></span> 
     </span>
     <span class='ocr_line' id='line_1_16' title="bbox 210 2473 1164 2560; baseline 0.005 -25"><span class='ocrx_word' id='word_1_105' title='bbox 210 2473 333 2560; x_wconf 83' lang='lat' dir='ltr'><strong>antiqui</strong></span> <span class='ocrx_word' id='word_1_106' title='bbox 363 2475 520 2560; x_wconf 86' lang='lat' dir='ltr'><strong>sapientes</strong></span> <span class='ocrx_word' id='word_1_107' title='bbox 542 2474 746 2540; x_wconf 88' lang='lat' dir='ltr'><strong>definierunt.</strong></span> <span class='ocrx_word' id='word_1_108' title='bbox 792 2475 876 2539; x_wconf 89' lang='lat' dir='ltr'><strong>Caro</strong></span> <span class='ocrx_word' id='word_1_109' title='bbox 897 2474 1055 2558; x_wconf 88' lang='lat' dir='ltr'><strong>siquidem</strong></span> <span class='ocrx_word' id='word_1_110' title='bbox 1086 2474 1164 2540; x_wconf 88' lang='lat' dir='ltr'><strong>vivit</strong></span> 
     </span>
     <span class='ocr_line' id='line_1_17' title="bbox 210 2575 1161 2664; baseline 0.001 -25"><span class='ocrx_word' id='word_1_111' title='bbox 210 2575 251 2639; x_wconf 94' lang='lat' dir='ltr'><strong>ab</strong></span> <span class='ocrx_word' id='word_1_112' title='bbox 266 2575 382 2661; x_wconf 88' lang='lat' dir='ltr'><strong>anima,</strong></span> <span class='ocrx_word' id='word_1_113' title='bbox 397 2599 497 2664; x_wconf 90' lang='lat' dir='ltr'><strong>quum</strong></span> <span class='ocrx_word' id='word_1_114' title='bbox 518 2576 647 2641; x_wconf 84' lang='lat' dir='ltr'><strong>aliunde</strong></span> <span class='ocrx_word' id='word_1_115' title='bbox 663 2576 786 2661; x_wconf 85' lang='lat' dir='ltr'><strong>corpori</strong></span> <span class='ocrx_word' id='word_1_116' title='bbox 801 2576 866 2640; x_wconf 90' lang='lat' dir='ltr'><strong>vita</strong></span> <span class='ocrx_word' id='word_1_117' title='bbox 885 2598 953 2640; x_wconf 88' lang='lat' dir='ltr'><strong>esse</strong></span> <span class='ocrx_word' id='word_1_118' title='bbox 969 2597 1032 2639; x_wconf 89' lang='lat' dir='ltr'><strong>non</strong></span> <span class='ocrx_word' id='word_1_119' title='bbox 1053 2577 1161 2660; x_wconf 85' lang='lat' dir='ltr'><strong>possit,</strong></span> 
     </span>
    </p>
   </div>
   <div class='ocr_carea' id='block_1_5' title="bbox 211 2677 1165 3174">
    <p class='ocr_par' dir='ltr' id='par_1_5' title="bbox 211 2677 1165 3174">
     <span class='ocr_line' id='line_1_18' title="bbox 213 2677 1164 2765; baseline 0.001 -24"><span class='ocrx_word' id='word_1_120' title='bbox 213 2677 300 2764; x_wconf 93' lang='lat' dir='ltr'><strong>quod</strong></span> <span class='ocrx_word' id='word_1_121' title='bbox 321 2701 447 2765; x_wconf 88' lang='lat' dir='ltr'><strong>semper</strong></span> <span class='ocrx_word' id='word_1_122' title='bbox 458 2678 583 2744; x_wconf 83' lang='lat' dir='ltr'><strong>inertiae</strong></span> <span class='ocrx_word' id='word_1_123' title='bbox 598 2700 665 2743; x_wconf 87' lang='lat' dir='ltr'><strong>suae</strong></span> <span class='ocrx_word' id='word_1_124' title='bbox 688 2690 813 2762; x_wconf 86' lang='lat' dir='ltr'><strong>torpore</strong></span> <span class='ocrx_word' id='word_1_125' title='bbox 830 2677 974 2764; x_wconf 87' lang='lat' dir='ltr'><strong>quiescit,</strong></span> <span class='ocrx_word' id='word_1_126' title='bbox 997 2678 1057 2742; x_wconf 86' lang='lat' dir='ltr'><strong>nisi</strong></span> <span class='ocrx_word' id='word_1_127' title='bbox 1073 2678 1164 2763; x_wconf 85' lang='lat' dir='ltr'><strong>spiri·</strong></span> 
     </span>
     <span class='ocr_line' id='line_1_19' title="bbox 212 2778 1164 2846; baseline 0 -2"><span class='ocrx_word' id='word_1_128' title='bbox 212 2778 306 2844; x_wconf 89' lang='lat' dir='ltr'><strong>tualis</strong></span> <span class='ocrx_word' id='word_1_129' title='bbox 320 2793 443 2846; x_wconf 88' lang='lat' dir='ltr'><strong>naturae</strong></span> <span class='ocrx_word' id='word_1_130' title='bbox 455 2780 613 2845; x_wconf 88' lang='lat' dir='ltr'><strong>beneficio</strong></span> <span class='ocrx_word' id='word_1_131' title='bbox 627 2791 802 2844; x_wconf 88' lang='lat' dir='ltr'><strong>moveatur.</strong></span> <span class='ocrx_word' id='word_1_132' title='bbox 849 2784 932 2845; x_wconf 82' lang='lat' dir='ltr'><strong>Hoec</strong></span> <span class='ocrx_word' id='word_1_133' title='bbox 946 2793 1054 2843; x_wconf 86' lang='lat' dir='ltr'><strong>autem</strong></span> <span class='ocrx_word' id='word_1_134' title='bbox 1066 2779 1164 2844; x_wconf 90' lang='lat' dir='ltr'><strong>habet</strong></span> 
     </span>
     <span class='ocr_line' id='line_1_20' title="bbox 211 2882 1165 2969; baseline 0.001 -23"><span class='ocrx_word' id='word_1_135' title='bbox 211 2894 244 2946; x_wconf 89' lang='lat' dir='ltr'><strong>et</strong></span> <span class='ocrx_word' id='word_1_136' title='bbox 267 2882 335 2969; x_wconf 90' lang='lat' dir='ltr'><strong>ipsa</strong></span> <span class='ocrx_word' id='word_1_137' title='bbox 350 2884 448 2949; x_wconf 87' lang='lat' dir='ltr'><strong>vitam</strong></span> <span class='ocrx_word' id='word_1_138' title='bbox 474 2906 574 2950; x_wconf 92' lang='lat' dir='ltr'><strong>suam.</strong></span> <span class='ocrx_word' id='word_1_139' title='bbox 620 2883 711 2947; x_wconf 92' lang='lat' dir='ltr'><strong>Deus</strong></span> <span class='ocrx_word' id='word_1_140' title='bbox 732 2882 852 2946; x_wconf 88' lang='lat' dir='ltr'><strong>etenim</strong></span> <span class='ocrx_word' id='word_1_141' title='bbox 879 2883 944 2948; x_wconf 87' lang='lat' dir='ltr'><strong>vita</strong></span> <span class='ocrx_word' id='word_1_142' title='bbox 968 2882 1084 2946; x_wconf 90' lang='lat' dir='ltr'><strong>animae</strong></span> <span class='ocrx_word' id='word_1_143' title='bbox 1106 2897 1165 2948; x_wconf 86' lang='lat' dir='ltr'><strong>est.</strong></span> 
     </span>
     <span class='ocr_line' id='line_1_21' title="bbox 213 2985 1165 3073; baseline 0 -23"><span class='ocrx_word' id='word_1_144' title='bbox 213 2985 320 3060; x_wconf 87' lang='lat' dir='ltr'><strong>Quam</strong></span> <span class='ocrx_word' id='word_1_145' title='bbox 336 2987 527 3051; x_wconf 91' lang='lat' dir='ltr'><strong>sententiam</strong></span> <span class='ocrx_word' id='word_1_146' title='bbox 547 2987 772 3050; x_wconf 89' lang='lat' dir='ltr'><strong>modernorum</strong></span> <span class='ocrx_word' id='word_1_147' title='bbox 789 2985 919 3072; x_wconf 89' lang='lat' dir='ltr'><strong>quidam</strong></span> <span class='ocrx_word' id='word_1_148' title='bbox 942 2987 1080 3070; x_wconf 84' lang='lat' dir='ltr'><strong>graviter</strong></span> <span class='ocrx_word' id='word_1_149' title='bbox 1093 2987 1165 3073; x_wconf 92' lang='lat' dir='ltr'><strong>qui·</strong></span> 
     </span>
     <span class='ocr_line' id='line_1_22' title="bbox 211 3087 1091 3174; baseline 0.001 -22"><span class='ocrx_word' id='word_1_150' title='bbox 211 3088 286 3153; x_wconf 92' lang='lat' dir='ltr'><strong>dem</strong></span> <span class='ocrx_word' id='word_1_151' title='bbox 303 3100 337 3153; x_wconf 89' lang='lat' dir='ltr'><strong>et</strong></span> <span class='ocrx_word' id='word_1_152' title='bbox 351 3111 437 3170; x_wconf 86' lang='lat' dir='ltr'><strong>vere,</strong></span> <span class='ocrx_word' id='word_1_153' title='bbox 451 3089 528 3154; x_wconf 91' lang='lat' dir='ltr'><strong>licet</strong></span> <span class='ocrx_word' id='word_1_154' title='bbox 543 3089 674 3153; x_wconf 89' lang='lat' dir='ltr'><strong>metrica</strong></span> <span class='ocrx_word' id='word_1_155' title='bbox 689 3087 818 3153; x_wconf 87' lang='lat' dir='ltr'><strong>levitate</strong></span> <span class='ocrx_word' id='word_1_156' title='bbox 834 3089 1018 3174; x_wconf 88' lang='lat' dir='ltr'><strong>complexus</strong></span> <span class='ocrx_word' id='word_1_157' title='bbox 1033 3102 1091 3170; x_wconf 90' lang='lat' dir='ltr'><strong>est,</strong></span> 
     </span>
    </p>
   </div>
   <div class='ocr_carea' id='block_1_6' title="bbox 319 3205 1027 3363">
    <p class='ocr_par' dir='ltr' id='par_1_6' title="bbox 319 3205 1027 3363">
     <span class='ocr_line' id='line_1_23' title="bbox 319 3205 1027 3277; baseline 0 -18"><span class='ocrx_word' id='word_1_158' title='bbox 319 3206 384 3260; x_wconf 86' lang='lat' dir='ltr'><strong>Vita</strong></span> <span class='ocrx_word' id='word_1_159' title='bbox 394 3208 489 3259; x_wconf 69' lang='lat' dir='ltr'><strong>animae</strong></span> <span class='ocrx_word' id='word_1_160' title='bbox 502 3206 575 3258; x_wconf 81' lang='lat' dir='ltr'><strong>Deus</strong></span> <span class='ocrx_word' id='word_1_161' title='bbox 588 3211 637 3269; x_wconf 84' lang='lat' dir='ltr'><strong>est,</strong></span> <span class='ocrx_word' id='word_1_162' title='bbox 648 3206 706 3258; x_wconf 86' lang='lat' dir='ltr'><strong>haec</strong></span> <span class='ocrx_word' id='word_1_163' title='bbox 717 3207 838 3277; x_wconf 87' lang='lat' dir='ltr'><strong>corporis,</strong></span> <span class='ocrx_word' id='word_1_164' title='bbox 849 3207 898 3259; x_wconf 88' lang='lat' dir='ltr'><strong>hac</strong></span> <span class='ocrx_word' id='word_1_165' title='bbox 909 3205 1027 3274; x_wconf 79' lang='lat' dir='ltr'><strong>fugiente</strong></span> 
     </span>
     <span class='ocr_line' id='line_1_24' title="bbox 390 3290 974 3363; baseline 0.003 -20"><span class='ocrx_word' id='word_1_166' title='bbox 390 3290 502 3344; x_wconf 87' lang='lat' dir='ltr'><strong>Solvitur</strong></span> <span class='ocrx_word' id='word_1_167' title='bbox 513 3291 571 3355; x_wconf 85' lang='lat' dir='ltr'><strong>hoc,</strong></span> <span class='ocrx_word' id='word_1_168' title='bbox 583 3293 652 3363; x_wconf 89' lang='lat' dir='ltr'><strong>perit</strong></span> <span class='ocrx_word' id='word_1_169' title='bbox 662 3292 720 3344; x_wconf 86' lang='lat' dir='ltr'><strong>haec</strong></span> <span class='ocrx_word' id='word_1_170' title='bbox 732 3292 892 3345; x_wconf 89' lang='lat' dir='ltr'><strong>destituente</strong></span> <span class='ocrx_word' id='word_1_171' title='bbox 905 3292 974 3345; x_wconf 90' lang='lat' dir='ltr'><strong>Deo.</strong></span> 
     </span>
    </p>
   </div>
   <div class='ocr_carea' id='block_1_7' title="bbox 214 3393 1167 4302">
    <p class='ocr_par' dir='ltr' id='par_1_7' title="bbox 214 3393 1167 4302">
     <span class='ocr_line' id='line_1_25' title="bbox 215 3393 1163 3480; baseline 0.003 -22"><span class='ocrx_word' id='word_1_172' title='bbox 215 3395 306 3459; x_wconf 86' lang='lat' dir='ltr'><strong>Sicut</strong></span> <span class='ocrx_word' id='word_1_173' title='bbox 316 3416 392 3479; x_wconf 88' lang='lat' dir='ltr'><strong>ergo</strong></span> <span class='ocrx_word' id='word_1_174' title='bbox 401 3394 523 3480; x_wconf 89' lang='lat' dir='ltr'><strong>corpori</strong></span> <span class='ocrx_word' id='word_1_175' title='bbox 533 3393 638 3458; x_wconf 88' lang='lat' dir='ltr'><strong>vivere</strong></span> <span class='ocrx_word' id='word_1_176' title='bbox 650 3407 699 3459; x_wconf 90' lang='lat' dir='ltr'><strong>est</strong></span> <span class='ocrx_word' id='word_1_177' title='bbox 708 3395 858 3480; x_wconf 86' lang='lat' dir='ltr'><strong>vegetari,</strong></span> <span class='ocrx_word' id='word_1_178' title='bbox 871 3395 990 3460; x_wconf 87' lang='lat' dir='ltr'><strong>moveri</strong></span> <span class='ocrx_word' id='word_1_179' title='bbox 1000 3396 1041 3461; x_wconf 91' lang='lat' dir='ltr'><strong>ab</strong></span> <span class='ocrx_word' id='word_1_180' title='bbox 1047 3397 1163 3479; x_wconf 89' lang='lat' dir='ltr'><strong>anima,</strong></span> 
     </span>
     <span class='ocr_line' id='line_1_26' title="bbox 214 3497 1165 3586; baseline 0.005 -26"><span class='ocrx_word' id='word_1_181' title='bbox 214 3510 247 3561; x_wconf 92' lang='lat' dir='ltr'><strong>et</strong></span> <span class='ocrx_word' id='word_1_182' title='bbox 269 3497 473 3582; x_wconf 88' lang='lat' dir='ltr'><strong>dispositione</strong></span> <span class='ocrx_word' id='word_1_183' title='bbox 496 3497 543 3561; x_wconf 89' lang='lat' dir='ltr'><strong>sui</strong></span> <span class='ocrx_word' id='word_1_184' title='bbox 559 3497 699 3564; x_wconf 90' lang='lat' dir='ltr'><strong>motibus</strong></span> <span class='ocrx_word' id='word_1_185' title='bbox 720 3498 838 3563; x_wconf 82' lang='lat' dir='ltr'><strong>animae</strong></span> <span class='ocrx_word' id='word_1_186' title='bbox 860 3498 1070 3586; x_wconf 88' lang='lat' dir='ltr'><strong>acquiescere,</strong></span> <span class='ocrx_word' id='word_1_187' title='bbox 1087 3501 1165 3565; x_wconf 91' lang='lat' dir='ltr'><strong>etei</strong></span> 
     </span>
     <span class='ocr_line' id='line_1_27' title="bbox 214 3599 1165 3684; baseline 0.006 -23"><span class='ocrx_word' id='word_1_188' title='bbox 214 3599 352 3684; x_wconf 88' lang='lat' dir='ltr'><strong>quadam</strong></span> <span class='ocrx_word' id='word_1_189' title='bbox 386 3599 557 3663; x_wconf 89' lang='lat' dir='ltr'><strong>obediendi</strong></span> <span class='ocrx_word' id='word_1_190' title='bbox 591 3600 778 3665; x_wconf 88' lang='lat' dir='ltr'><strong>necessitate</strong></span> <span class='ocrx_word' id='word_1_191' title='bbox 807 3601 1018 3667; x_wconf 87' lang='lat' dir='ltr'><strong>concordare:</strong></span> <span class='ocrx_word' id='word_1_192' title='bbox 1056 3602 1100 3666; x_wconf 91' lang='lat' dir='ltr'><strong>sic</strong></span> <span class='ocrx_word' id='word_1_193' title='bbox 1131 3617 1165 3667; x_wconf 91' lang='lat' dir='ltr'><strong>et</strong></span> 
     </span>
     <span class='ocr_line' id='line_1_28' title="bbox 214 3701 1164 3788; baseline 0.007 -24"><span class='ocrx_word' id='word_1_194' title='bbox 214 3701 321 3765; x_wconf 91' lang='lat' dir='ltr'><strong>anima</strong></span> <span class='ocrx_word' id='word_1_195' title='bbox 335 3722 374 3764; x_wconf 88' lang='lat' dir='ltr'><strong>ex</strong></span> <span class='ocrx_word' id='word_1_196' title='bbox 389 3723 428 3765; x_wconf 89' lang='lat' dir='ltr'><strong>eo</strong></span> <span class='ocrx_word' id='word_1_197' title='bbox 448 3701 535 3779; x_wconf 87' lang='lat' dir='ltr'><strong>vivit,</strong></span> <span class='ocrx_word' id='word_1_198' title='bbox 551 3703 638 3787; x_wconf 92' lang='lat' dir='ltr'><strong>quod</strong></span> <span class='ocrx_word' id='word_1_199' title='bbox 657 3725 714 3767; x_wconf 90' lang='lat' dir='ltr'><strong>suo</strong></span> <span class='ocrx_word' id='word_1_200' title='bbox 731 3704 825 3768; x_wconf 91' lang='lat' dir='ltr'><strong>modo</strong></span> <span class='ocrx_word' id='word_1_201' title='bbox 848 3715 1022 3788; x_wconf 86' lang='lat' dir='ltr'><strong>vegetatur,</strong></span> <span class='ocrx_word' id='word_1_202' title='bbox 1042 3718 1075 3770; x_wconf 91' lang='lat' dir='ltr'><strong>et</strong></span> <span class='ocrx_word' id='word_1_203' title='bbox 1090 3730 1164 3772; x_wconf 91' lang='lat' dir='ltr'><strong>vere</strong></span> 
     </span>
     <span class='ocr_line' id='line_1_29' title="bbox 214 3805 1164 3899; baseline 0.009 -31"><span class='ocrx_word' id='word_1_204' title='bbox 214 3816 392 3868; x_wconf 83' lang='lat' dir='ltr'><strong>moratura</strong></span> <span class='ocrx_word' id='word_1_205' title='bbox 408 3805 490 3899; x_wconf 81' lang='lat' dir='ltr'><strong>Deo,</strong></span> <span class='ocrx_word' id='word_1_206' title='bbox 506 3816 539 3869; x_wconf 89' lang='lat' dir='ltr'><strong>et</strong></span> <span class='ocrx_word' id='word_1_207' title='bbox 554 3806 584 3869; x_wconf 90' lang='lat' dir='ltr'><strong>ei</strong></span> <span class='ocrx_word' id='word_1_208' title='bbox 603 3807 747 3893; x_wconf 88' lang='lat' dir='ltr'><strong>subjecta</strong></span> <span class='ocrx_word' id='word_1_209' title='bbox 766 3809 934 3874; x_wconf 88' lang='lat' dir='ltr'><strong>devotione</strong></span> <span class='ocrx_word' id='word_1_210' title='bbox 952 3809 1164 3897; x_wconf 88' lang='lat' dir='ltr'><strong>obtemperat,</strong></span> 
     </span>
     <span class='ocr_line' id='line_1_30' title="bbox 215 3906 1165 3998; baseline 0.007 -28"><span class='ocrx_word' id='word_1_211' title='bbox 215 3920 248 3970; x_wconf 88' lang='lat' dir='ltr'><strong>et</strong></span> <span class='ocrx_word' id='word_1_212' title='bbox 261 3907 295 3969; x_wconf 90' lang='lat' dir='ltr'><strong>in</strong></span> <span class='ocrx_word' id='word_1_213' title='bbox 311 3906 459 3971; x_wconf 91' lang='lat' dir='ltr'><strong>omnibus</strong></span> <span class='ocrx_word' id='word_1_214' title='bbox 473 3908 655 3994; x_wconf 88' lang='lat' dir='ltr'><strong>acquiescit.</strong></span> <span class='ocrx_word' id='word_1_215' title='bbox 703 3912 736 3976; x_wconf 84' lang='lat' dir='ltr'><strong>si</strong></span> <span class='ocrx_word' id='word_1_216' title='bbox 752 3934 816 3998; x_wconf 93' lang='lat' dir='ltr'><strong>quo</strong></span> <span class='ocrx_word' id='word_1_217' title='bbox 832 3913 947 3993; x_wconf 76' lang='lat' dir='ltr'><strong>minue,</strong></span> <span class='ocrx_word' id='word_1_218' title='bbox 958 3924 991 3977; x_wconf 93' lang='lat' dir='ltr'><strong>et</strong></span> <span class='ocrx_word' id='word_1_219' title='bbox 1005 3937 1044 3979; x_wconf 90' lang='lat' dir='ltr'><strong>eo</strong></span> <span class='ocrx_word' id='word_1_220' title='bbox 1059 3915 1165 3978; x_wconf 92' lang='lat' dir='ltr'><strong>minus</strong></span> 
     </span>
     <span class='ocr_line' id='line_1_31' title="bbox 216 4007 1167 4098; baseline 0.005 -27"><span class='ocrx_word' id='word_1_221' title='bbox 216 4007 300 4073; x_wconf 89' lang='lat' dir='ltr'><strong>vivit.</strong></span> <span class='ocrx_word' id='word_1_222' title='bbox 347 4007 432 4072; x_wconf 89' lang='lat' dir='ltr'><strong>Nam</strong></span> <span class='ocrx_word' id='word_1_223' title='bbox 454 4021 488 4072; x_wconf 91' lang='lat' dir='ltr'><strong>et</strong></span> <span class='ocrx_word' id='word_1_224' title='bbox 503 4031 625 4096; x_wconf 87' lang='lat' dir='ltr'><strong>corpus,</strong></span> <span class='ocrx_word' id='word_1_225' title='bbox 639 4034 703 4098; x_wconf 92' lang='lat' dir='ltr'><strong>qua</strong></span> <span class='ocrx_word' id='word_1_226' title='bbox 718 4028 806 4098; x_wconf 90' lang='lat' dir='ltr'><strong>parte</strong></span> <span class='ocrx_word' id='word_1_227' title='bbox 822 4016 871 4079; x_wconf 88' lang='lat' dir='ltr'><strong>sui</strong></span> <span class='ocrx_word' id='word_1_228' title='bbox 886 4038 949 4080; x_wconf 90' lang='lat' dir='ltr'><strong>non</strong></span> <span class='ocrx_word' id='word_1_229' title='bbox 965 4028 1111 4080; x_wconf 86' lang='lat' dir='ltr'><strong>movetur</strong></span> <span class='ocrx_word' id='word_1_230' title='bbox 1126 4016 1167 4077; x_wconf 88' lang='lat' dir='ltr'><strong>ab</strong></span> 
     </span>
     <span class='ocr_line' id='line_1_32' title="bbox 215 4109 1163 4200; baseline 0.003 -27"><span class='ocrx_word' id='word_1_231' title='bbox 215 4109 332 4187; x_wconf 90' lang='lat' dir='ltr'><strong>anima,</strong></span> <span class='ocrx_word' id='word_1_232' title='bbox 358 4111 427 4195; x_wconf 90' lang='lat' dir='ltr'><strong>jam</strong></span> <span class='ocrx_word' id='word_1_233' title='bbox 450 4110 483 4173; x_wconf 93' lang='lat' dir='ltr'><strong>in</strong></span> <span class='ocrx_word' id='word_1_234' title='bbox 506 4134 545 4176; x_wconf 90' lang='lat' dir='ltr'><strong>ea</strong></span> <span class='ocrx_word' id='word_1_235' title='bbox 574 4126 733 4200; x_wconf 91' lang='lat' dir='ltr'><strong>torporem</strong></span> <span class='ocrx_word' id='word_1_236' title='bbox 756 4117 866 4181; x_wconf 89' lang='lat' dir='ltr'><strong>mortis</strong></span> <span class='ocrx_word' id='word_1_237' title='bbox 889 4118 1029 4180; x_wconf 86' lang='lat' dir='ltr'><strong>incurrit.</strong></span> <span class='ocrx_word' id='word_1_238' title='bbox 1075 4117 1163 4177; x_wconf 89' lang='lat' dir='ltr'><strong>Dum</strong></span> 
     </span>
     <span class='ocr_line' id='line_1_33' title="bbox 214 4213 1165 4302; baseline 0.003 -26"><span class='ocrx_word' id='word_1_239' title='bbox 214 4233 290 4295; x_wconf 84' lang='lat' dir='ltr'><strong>ergo</strong></span> <span class='ocrx_word' id='word_1_240' title='bbox 305 4223 408 4276; x_wconf 91' lang='lat' dir='ltr'><strong>totum</strong></span> <span class='ocrx_word' id='word_1_241' title='bbox 432 4213 517 4290; x_wconf 86' lang='lat' dir='ltr'><strong>vivit,</strong></span> <span class='ocrx_word' id='word_1_242' title='bbox 541 4216 582 4279; x_wconf 94' lang='lat' dir='ltr'><strong>ad</strong></span> <span class='ocrx_word' id='word_1_243' title='bbox 611 4239 681 4280; x_wconf 89' lang='lat' dir='ltr'><strong>earn</strong></span> <span class='ocrx_word' id='word_1_244' title='bbox 703 4229 805 4281; x_wconf 89' lang='lat' dir='ltr'><strong>toturn</strong></span> <span class='ocrx_word' id='word_1_245' title='bbox 829 4218 1015 4302; x_wconf 89' lang='lat' dir='ltr'><strong>disponitur,</strong></span> <span class='ocrx_word' id='word_1_246' title='bbox 1038 4238 1111 4300; x_wconf 84' lang='lat' dir='ltr'><strong>quae</strong></span> <span class='ocrx_word' id='word_1_247' title='bbox 1131 4241 1165 4279; x_wconf 88' lang='lat' dir='ltr'><strong>se</strong></span> 
     </span>
    </p>
   </div>
   <div class='ocr_carea' id='block_1_8' title="bbox 215 4314 1167 4483">
    <p class='ocr_par' dir='ltr' id='par_1_8' title="bbox 215 4314 1167 4483">
     <span class='ocr_line' id='line_1_34' title="bbox 215 4314 1167 4402; baseline 0.005 -27"><span class='ocrx_word' id='word_1_248' title='bbox 215 4334 279 4376; x_wconf 85' lang='lat' dir='ltr'><strong>non</strong></span> <span class='ocrx_word' id='word_1_249' title='bbox 296 4335 354 4398; x_wconf 88' lang='lat' dir='ltr'><strong>per</strong></span> <span class='ocrx_word' id='word_1_250' title='bbox 368 4326 473 4399; x_wconf 89' lang='lat' dir='ltr'><strong>partes</strong></span> <span class='ocrx_word' id='word_1_251' title='bbox 494 4314 635 4381; x_wconf 87' lang='lat' dir='ltr'><strong>infundit</strong></span> <span class='ocrx_word' id='word_1_252' title='bbox 650 4318 804 4402; x_wconf 87' lang='lat' dir='ltr'><strong>partibus,</strong></span> <span class='ocrx_word' id='word_1_253' title='bbox 821 4320 876 4382; x_wconf 90' lang='lat' dir='ltr'><strong>sed</strong></span> <span class='ocrx_word' id='word_1_254' title='bbox 892 4330 959 4382; x_wconf 91' lang='lat' dir='ltr'><strong>tota</strong></span> <span class='ocrx_word' id='word_1_255' title='bbox 974 4329 1032 4398; x_wconf 86' lang='lat' dir='ltr'><strong>est,</strong></span> <span class='ocrx_word' id='word_1_256' title='bbox 1044 4330 1076 4379; x_wconf 91' lang='lat' dir='ltr'><strong>et</strong></span> <span class='ocrx_word' id='word_1_257' title='bbox 1091 4339 1167 4402; x_wconf 88' lang='lat' dir='ltr'><strong>ope-</strong></span> 
     </span>
     <span class='ocr_line' id='line_1_35' title="bbox 258 4436 710 4483; baseline 0.007 -3"><span class='ocrx_word' id='word_1_258' title='bbox 258 4436 331 4480; x_wconf 81' lang='lat' dir='ltr'><strong>vot..</strong></span> <span class='ocrx_word' id='word_1_259' title='bbox 348 4437 397 4482; x_wconf 92' lang='lat'><strong>111.</strong></span> <span class='ocrx_word' id='word_1_260' title='bbox 684 4439 710 4483; x_wconf 84' lang='lat' dir='ltr'>M</span> 
     </span>
    </p>
   </div>
   <div class='ocr_carea' id='block_1_9' title="bbox 0 0 1665 5309">
    <p class='ocr_par' dir='ltr' id='par_1_9' title="bbox 0 0 1665 5309">
     <span class='ocr_line' id='line_1_36' title="bbox 0 0 1665 5309; baseline 0 0"><span class='ocrx_word' id='word_1_261' title='bbox 0 0 1665 5309; x_wconf 95' lang='lat' dir='ltr'><strong> </strong></span> 
     </span>
    </p>
   </div>
  </div>
 </body>
</html>
