3309 5309
229 645 297 689 cnr.
314 628 411 707 xv11.]
579 645 833 692 ronvcasrrens.
1140 633 1181 691 93

226 795 302 860 facti
328 795 465 882 explicet
488 801 654 874 rationem,
678 796 737 861 nisi
764 797 852 882 quod
878 797 955 861 boni
977 794 1108 879 spiritus
1130 797 1182 860 vel

228 896 357 981 maligni
381 895 583 981 exigentibus
605 897 770 961 hominum
794 897 928 972 meritis,
944 919 997 959 eos
1018 896 1181 971 erudiunt,

230 998 280 1063 vel
288 998 451 1062 illudunt?
477 998 577 1069 Novit
588 998 893 1085 enim,Hieronymo
901 996 1183 1076 referente‚catbo-

229 1100 289 1164 lica
304 1112 404 1164 mater
418 1100 559 1179 ecclesia,
574 1100 737 1188 quomodo
756 1100 796 1165 ad
820 1099 960 1165 tribunal
977 1098 1097 1185 judicis
1119 1100 1183 1164 Dei

231 1215 353 1289 raptus,
369 1226 406 1267 eo
421 1203 509 1289 quod
525 1203 615 1269 libris
629 1203 795 1287 gentilium
811 1202 1030 1268 vehementius
1050 1201 1184 1267 inhaere-

231 1318 291 1381 ret,
314 1305 433 1369 ibidem
458 1319 587 1371 coactus
608 1318 656 1370 est
682 1305 826 1393 profiteri
849 1329 881 1369 se
907 1304 992 1370 ultra
1018 1304 1184 1388 gentilium

230 1406 333 1472 libros
347 1427 409 1468 non
433 1405 528 1469 modo
550 1428 613 1470 non
635 1405 804 1479 lecturum,
821 1405 876 1469 sed
899 1427 957 1468 nec
978 1405 1073 1468 etiam
1095 1404 1184 1469 habi·

231 1521 353 1571 turum.
409 1509 496 1572 Ante
521 1507 677 1592 siquidem
708 1507 933 1593 professionem
960 1507 1183 1594 interrogatus,

231 1631 334 1694 quum
350 1631 383 1672 se
406 1608 524 1672 diceret
547 1608 778 1684 Christianum,
793 1607 822 1671 ei
852 1631 872 1671 a
895 1607 1006 1694 judice
1030 1611 1182 1694 probrose

231 1709 393 1794 objectum
410 1722 468 1787 est,
485 1709 571 1796 quod
594 1732 656 1773 non
681 1732 758 1774 suus
780 1723 860 1786 erat,
878 1709 933 1773 sed
951 1709 1185 1776 Ciceronianus.

234 1813 308 1875 Hoc
322 1824 429 1875 tamen
443 1834 506 1875 non
522 1810 674 1877 audacter
696 1813 809 1876 somnii
823 1811 1043 1876 affirmaverim
1059 1835 1186 1878 censen-

232 1911 310 1976 dum
326 1912 462 1986 nomine,
479 1933 582 1997 quum
596 1911 682 1976 idem
697 1913 916 1977 veracissimus
929 1924 962 1977 et
977 1911 1186 1999 prudentissi-

235 2035 305 2077 mus
320 2013 431 2078 doctor
446 2015 591 2078 umbram
606 2013 718 2077 somnii
729 2035 792 2077 non
806 2012 915 2091 fuisse,
928 2016 983 2078 sed
999 2037 1064 2078 rem
1077 2035 1183 2078 secum

234 2116 386 2180 veraciter
415 2116 467 2202 agi
494 2120 634 2181 Domino
663 2117 823 2194 visitante,
852 2119 948 2182 etiam
973 2115 1185 2204 jurisjurandi

233 2219 385 2303 religione
410 2218 583 2284 confirmet.
629 2219 675 2283 Et
701 2235 736 2284 ut
760 2218 886 2306 plenam
911 2218 1091 2284 assertionis
1117 2239 1185 2282 suoe

233 2321 329 2386 faciat
359 2321 466 2399 fidem,
493 2320 623 2386 livorem
650 2321 814 2387 verberum
840 2325 874 2387 in
904 2334 988 2397 cute,
1016 2320 1184 2385 vulnerum

235 2421 395 2486 cicatrices
424 2422 667 2509 expergefactus
696 2421 835 2486 ostendit
865 2421 897 2485 in
927 2443 1067 2508 corpore.
1123 2421 1186 2485 Sed

236 2546 334 2611 quum
350 2524 418 2588 haec
437 2547 456 2588 a
470 2524 634 2610 spiritibus
648 2525 732 2588 circa
746 2523 888 2588 homines
902 2523 990 2600 fiant,
1004 2546 1073 2586 eam
1089 2522 1186 2586 solam

235 2648 340 2690 rerum
366 2623 534 2709 imaginem
557 2624 661 2688 fidelis
685 2624 789 2689 anima
812 2646 876 2686 non
900 2636 1098 2707 aspernatur,
1113 2646 1188 2708 quae

234 2726 443 2791 innocentiam
460 2725 612 2810 relinquit
627 2728 828 2790 incolumem.
870 2723 966 2797 Quod
982 2723 1008 2786 si
1022 2724 1187 2790 materiam

192 2822 198 2829 ’
236 2823 322 2888 vitiis
336 2821 457 2898 afferat,
469 2822 633 2886 libidinem
648 2822 732 2887 forte
743 2820 928 2897 accendens,
940 2834 997 2885 aut
1011 2822 1188 2901 avaritiam,

235 2937 293 2989 aut
322 2923 507 2989 dominandi
536 2925 683 3008 ingerens
715 2923 908 3010 appetitum,
938 2935 995 2987 aut
1033 2925 1188 3010 quicquid

236 3025 424 3111 hujusmodi
444 3038 492 3089 est
514 3025 555 3088 ad
580 3026 814 3089 subversionem
838 3024 962 3099 animae,
979 3025 1191 3110 proculdubio

236 3141 295 3193 aut
326 3150 399 3191 caro
428 3139 484 3191 aut
514 3126 645 3213 spiritus
674 3126 833 3213 malignus
862 3125 1013 3191 immittit.
1068 3128 1132 3204 Qui
1158 3127 1190 3192 iu

240 3230 395 3317 quosdam
426 3227 630 3312 exigentibus
659 3228 771 3314 culpis,
802 3228 942 3293 Domino
975 3227 1190 3315 permittente,

239 3346 329 3398 tanta
350 3331 482 3396 malitiae
504 3354 569 3396 suae
592 3330 716 3395 licentia
739 3331 967 3405 debacchatur,
989 3345 1025 3398 ut
1049 3332 1135 3419 quod
1157 3337 1190 3399 in

240 3435 354 3521 spiritu
370 3434 551 3520 patiuntur,
567 3433 740 3498 miserrime
755 3446 787 3499 et
808 3433 1045 3500 mendacissime
1060 3436 1189 3504 credant

238 3539 273 3603 in
300 3538 486 3623 corporibus
511 3536 645 3601 evenire.
691 3538 793 3614 Quale
816 3549 864 3601 est
890 3536 977 3623 quod
1001 3538 1191 3605 nocticulam

239 3639 398 3726 quandam
415 3639 463 3702 vel
483 3638 711 3716 Herodiadem,
727 3639 776 3702 vel
792 3637 957 3723 praesidem
973 3640 1075 3705 noctis
1090 3641 1191 3708 domi-

239 3763 311 3804 nam
324 3740 454 3804 concilia
465 3755 496 3804 et
512 3752 688 3804 conventus
699 3740 739 3804 de
751 3753 843 3806 nocte
854 3753 996 3805 asserunt
1008 3764 1191 3821 convocare,

240 3843 329 3906 varia
339 3841 490 3906 celebrari
503 3841 657 3922 convivia,
668 3842 914 3908 ministeriorum
930 3842 1048 3929 species
1059 3843 1193 3910 diversis

239 3932 502 4029 occupationibus
530 3943 680 4019 exerceri,
710 3956 740 4008 et
775 3968 860 4009 nunc
888 3946 966 4011 istos
995 3945 1034 4008 ad
1065 3969 1192 4032 poenam

242 4045 324 4109 trahi
347 4068 408 4130 pro
431 4046 561 4126 meritis,
584 4068 668 4109 nunc
694 4047 764 4111 illos
791 4047 832 4111 ad
858 4047 990 4131 gloriam
1018 4047 1191 4111 sublimari.

244 4147 403 4210 Praeterea
424 4147 561 4213 infantes
583 4149 700 4235 exponi
725 4150 840 4226 lamiis,
863 4162 895 4214 et
921 4172 1004 4213 nunc
1030 4148 1192 4212 frustatim

243 4245 428 4332 discerptos,
440 4247 528 4311 edaci
540 4247 681 4332 ingluvie
697 4249 728 4312 in
742 4263 882 4313 ventrem
896 4249 1043 4332 trajectos
1055 4251 1193 4331 congeri,
