3309 5309
502 653 562 710 130
754 663 894 706 ioannis
911 663 1192 708 ssaasusninnsts
1318 646 1401 725 [nia.
1419 666 1456 711 11.

500 816 637 903 planetae
666 811 823 898 placandi,
848 816 905 899 qui
936 813 1076 878 numeris
1104 826 1209 879 totum
1239 827 1363 882 rotant:
1403 839 1455 881 eos

499 917 730 1001 Mandrogerus
753 938 809 979 nec
835 927 943 979 nostro
965 915 1036 978 visu
1062 914 1182 992 faciles,
1205 939 1262 980 nec
1288 917 1377 984 dictu
1407 918 1453 984 af-

499 1017 611 1081 fabiles
631 1040 697 1080 esse
718 1015 900 1101 respondet,
915 1015 1079 1102 adjicienS,
1096 1016 1183 1102 quod
1199 1029 1323 1082 atomos
1342 1021 1377 1084 in
1398 1042 1451 1085 ore

499 1115 645 1192 volvunt,
667 1115 773 1181 stellas
793 1130 974 1193 numerant,
995 1116 1061 1179 sola
1084 1131 1209 1180 mutare
1232 1140 1295 1181 non
1318 1133 1450 1204 possunt

499 1240 565 1281 sua.
609 1216 660 1281 Sic
675 1215 783 1301 itaque
799 1239 817 1279 a
832 1215 1038 1299 dispositione
1054 1215 1192 1281 siderum
1208 1232 1382 1284 eventuum
1398 1244 1450 1286 ne·

497 1321 672 1390 cessitatem
689 1315 816 1401 ingerit,
832 1330 869 1381 ut
889 1317 960 1382 illos
979 1316 1042 1381 sale
1058 1320 1135 1382 satis
1152 1320 1274 1384 urbano
1290 1321 1449 1406 eleganter

496 1421 637 1496 irrideat,
648 1421 704 1508 qui
721 1421 824 1485 visum
841 1433 987 1484 exercent
1003 1420 1035 1483 in
1048 1420 1314 1507 contemplatione
1330 1447 1449 1505 eorum,

496 1524 552 1610 qui
568 1523 669 1587 visum
691 1523 832 1608 lugiunt,
848 1534 879 1586 et
903 1521 1107 1608 interpellant
1126 1546 1189 1599 eos,
1206 1524 1263 1608 qui
1284 1523 1374 1610 loqui
1395 1526 1447 1590 de·

495 1625 688 1709 dignantur:
711 1635 743 1687 et
755 1644 857 1709 quum
871 1635 992 1685 atomos
1006 1624 1039 1686 in
1051 1646 1105 1686 ore
1121 1623 1262 1703 volvant,
1274 1627 1446 1692 verendum

493 1741 552 1804 est,
572 1750 611 1791 ne
632 1726 657 1790 si
679 1737 800 1789 atomos
821 1723 1022 1808 genethliaco
1042 1724 1126 1790 forte
1146 1725 1326 1808 intercidat,
1343 1728 1376 1793 in
1396 1753 1447 1794 ex-

490 1828 637 1916 cipienda
652 1825 807 1891 sententia
822 1825 1000 1889 coelestium
1016 1825 1152 1890 labatur.
1188 1829 1237 1892 Sit
1248 1850 1327 1914 ergo
1338 1853 1444 1897 eorum

490 1929 622 2014 insignis
637 1928 820 2004 auctoritas,
837 1926 915 1991 dum
932 1926 1054 1992 stabilis
1070 1940 1102 1991 et
1123 1928 1309 1996 inconvulsa
1322 1947 1444 2000 maneat

490 2031 650 2095 creatoris.
696 2031 791 2092 Certe
813 2029 968 2114 quicquid
993 2029 1052 2093 tibi
1080 2033 1170 2094 Mars
1194 2044 1280 2113 tuus,
1303 2048 1361 2099 aut
1387 2037 1444 2099 Ju-

491 2136 573 2216 piter
595 2144 778 2215 suggerant,
794 2131 884 2194 Deus
906 2153 1001 2195 verax
1018 2143 1077 2211 est,
1093 2146 1125 2196 et
1141 2145 1176 2197 tu
1193 2133 1271 2199 dnm
1294 2137 1358 2202 illis
1372 2139 1442 2225 plus

489 2254 582 2319 quam
615 2235 685 2296 Deo
714 2232 827 2309 credis,
858 2234 1120 2316 perniciosissime
1150 2239 1298 2304 mendax.
1346 2243 1442 2306 Astra

487 2335 616 2421 quidem
638 2333 800 2397 mendacia
823 2349 897 2399 sunt
922 2335 954 2398 in
977 2352 1148 2422 conspectu
1171 2339 1252 2425 ejus,
1276 2342 1332 2406 sed
1356 2355 1388 2409 et
1409 2344 1441 2408 iu

486 2438 617 2522 Angelis
639 2437 704 2501 suis
730 2437 847 2523 reperit
877 2438 1074 2522 pravitatem.
1120 2443 1168 2507 Ut
1196 2455 1303 2507 tamen
1330 2468 1440 2512 verum

485 2539 597 2616 fatear,
613 2539 671 2604 tibi
688 2552 772 2604 astra
787 2561 850 2602 non
867 2541 1078 2618 mentiuntur,
1094 2544 1147 2608 sed
1165 2557 1200 2609 tu
1223 2545 1302 2630 ipse.
1347 2548 1440 2625 Quod

484 2641 638 2729 deciperis
663 2641 723 2707 tibi
749 2640 884 2725 imputa.
930 2643 1010 2719 Quis
1035 2646 1119 2708 enim
1146 2659 1177 2710 te
1206 2646 1292 2732 cogit
1323 2648 1438 2714 falsum

483 2741 622 2830 putare?
658 2747 749 2808 Deus
771 2764 819 2822 ea,
842 2767 915 2829 quae
937 2746 1158 2829 praeeuntibus
1180 2747 1279 2833 signis
1306 2764 1439 2816 ventura

483 2846 651 2931 conjectas,
667 2845 879 2910 immutabilia
901 2868 966 2908 esse
982 2848 1148 2931 persuasit.
1193 2853 1248 2914 An
1267 2850 1387 2918 falleris
1401 2875 1437 2916 eo

482 2948 570 3031 quod
587 2948 708 3031 figulus
724 2946 865 3021 sibilans,
882 2959 938 3012 aut
955 2947 1006 3011 hic
1022 2950 1162 3014 mundus
1176 2951 1232 3030 ait,
1264 3022 1267 3027 ,

763 3053 835 3106 nulla
847 3055 902 3106 sine
913 3053 973 3122 lege
985 3073 1030 3125 per
1041 3074 1124 3109 aevum

584 3142 671 3206 Errat,
683 3146 711 3194 et
722 3141 820 3193 incerto
832 3139 967 3192 volvuntur
979 3141 1065 3192 sidera
1076 3147 1157 3194 motu.

582 3228 639 3279 Aut
650 3228 672 3278 si
684 3225 739 3278 fata
750 3231 862 3288 movent,
874 3225 943 3288 urbi,
954 3226 1096 3294 generique
1109 3232 1214 3297 paratur

586 3313 709 3364 Humano
721 3318 823 3364 matum
835 3311 908 3363 lues?

483 3397 639 3482 Idemque
655 3396 851 3461 manifestius
866 3396 1004 3482 subjicit,

689 3507 726 3558 Et
737 3522 842 3577 superos
854 3506 916 3574 quid
927 3507 1033 3577 prodest
1044 3525 1150 3578 poscere
1161 3508 1264 3562 tinem?

581 3591 649 3644 Cum
661 3592 764 3644 domino
775 3609 828 3662 pax
840 3592 892 3642 ista
900 3593 984 3643 venit:
1003 3592 1052 3644 duc
1065 3593 1151 3646 Roma
1162 3595 1291 3649 malorum

582 3677 739 3730 Continuam
750 3678 853 3739 seriem,
866 3675 1017 3746 clademque
1030 3679 1057 3730 in
1069 3685 1186 3751 tempora
1197 3680 1281 3734 multa

581 3760 715 3825 Protrahe,
727 3762 795 3815 civili
807 3767 910 3815 tantum
917 3763 974 3833 jam
986 3762 1069 3816 libera
1081 3764 1159 3818 bello.

478 3853 539 3917 Sed
555 3855 765 3939 proculdubio
781 3856 876 3921 multi
894 3856 939 3920 dii
960 3859 1019 3934 tui,
1035 3859 1184 3924 futurum
1207 3859 1327 3926 bellum
1341 3884 1426 3927 amo·

476 3979 548 4020 vere
564 3978 626 4019 non
646 3969 803 4042 poterant,
819 3957 896 4043 quia
917 3958 1022 4035 multi,
1039 3960 1103 4024 imo
1123 3961 1231 4046 potius
1246 3963 1328 4028 nulli
1343 3976 1425 4029 suut.

474 4062 547 4125 Hoc
563 4072 667 4124 tamen
683 4081 766 4122 unus
781 4072 813 4124 et
831 4063 918 4124 Deus
933 4073 965 4125 et
989 4064 1147 4127 Dominus
1166 4064 1310 4130 omnium
1333 4080 1424 4152 potu·

471 4164 554 4228 isset.
601 4162 700 4226 Novit
716 4161 798 4225 enim
814 4160 867 4225 ille
882 4175 1006 4230 mutare
1022 4166 1224 4248 sententium,
1239 4168 1264 4232 si
1282 4187 1319 4234 tu
1335 4170 1424 4234 bene·

470 4264 541 4328 licio
555 4264 625 4350 ejus
636 4263 823 4328 maleficium
840 4263 939 4328 linias.
973 4266 1068 4331 Unde
1083 4282 1115 4333 et
1130 4266 1423 4335 Nabuchodonosor
