3309 5309
352 640 422 685 car.
444 627 506 707 1v.]
716 643 973 690 norrensmcus.
1251 635 1312 695 167

290 818 294 823 ·
353 813 416 857 non
440 815 511 875 esse
539 792 642 872 illum,
668 794 724 881 qui
750 794 790 860 de
815 804 952 880 pectore,
973 793 1114 860 veritatis
1142 796 1309 883 sapientiae
1351 877 1355 883 ,

349 895 473 961 fluenta
481 896 612 982 potavit,
623 919 723 985 quum
736 897 847 961 orbem
856 896 1012 962 iniectum
1022 896 1081 962 hac
1091 897 1164 963 labe
1173 899 1308 979 intonet,

349 999 475 1066 dicens:
494 1000 706 1088 Quaecunque
721 1000 754 1064 in
770 1000 831 1065 hoc
846 999 967 1066 mundo
981 1010 1065 1084 suut,
1080 1002 1308 1088 concupiscen-

350 1102 428 1168 tiam
448 1103 615 1170 oculorum
635 1127 715 1185 esse,
735 1113 792 1168 aut
814 1103 927 1180 carnis,
944 1112 1001 1167 aut
1018 1104 1201 1190 superbiam
1220 1105 1307 1174 vitae.

350 1206 417 1283 Qui
432 1229 509 1292 ergo
523 1207 610 1274 hunc
623 1229 765 1273 amorem
780 1228 845 1271 non
860 1216 1029 1293 temperat,
1045 1207 1158 1274 timeat
1171 1209 1306 1296 lepram,

348 1320 383 1375 et
397 1310 575 1376 caecitatem
587 1309 763 1390 oculorum,
773 1331 848 1396 quae
862 1331 903 1374 ex
916 1330 956 1373 ea
970 1309 1128 1389 imminet,
1137 1312 1304 1398 pertimes-

350 1423 411 1478 cat.
459 1412 494 1477 Si
513 1413 621 1500 itaque
643 1412 701 1496 illi,
715 1411 771 1499 qui
793 1433 858 1476 nou
881 1409 1059 1497 reprimunt
1080 1414 1306 1501 concupiscen-

350 1515 440 1593 tiam,
451 1515 609 1581 malorum
625 1515 736 1602 utiquc
751 1516 874 1579 fontem
889 1524 923 1578 et
937 1514 1093 1598 fomitem,
1101 1515 1305 1604 dispendium

349 1618 460 1684 salutis
474 1618 651 1697 incurrunt,
666 1618 744 1706 quid
756 1617 818 1682 erit
831 1616 905 1697 illis,
917 1616 974 1703 qui
988 1639 1059 1681 eam
1075 1628 1305 1686 assentatorum

349 1719 552 1787 inflammant
565 1721 713 1801 stimulis,
725 1732 758 1785 et
772 1718 863 1807 quasi
878 1719 1022 1784 fomenta
1032 1718 1182 1784 vitiorum
1192 1743 1306 1786 accen-

349 1823 455 1890 dunt?
484 1824 569 1904 Quid
590 1823 718 1906 facient,
733 1838 789 1888 aut
803 1822 908 1909 potius
930 1821 1009 1909 quid
1028 1822 1201 1908 patientur,
1216 1825 1272 1912 qui
1287 1849 1307 1890 a

349 1925 483 1992 veritate
497 1938 646 1993 avertunt
659 1926 816 2006 auditum,
832 1925 867 1989 in
888 1924 1097 1990 admiratione
1112 1947 1218 1991 rerum
1237 1949 1308 1992 cor·

350 2028 549 2117 ruptibilium
572 2040 606 2095 et
627 2026 911 2116 corrumpentium,
932 2051 997 2092 non
1014 2027 1169 2093 claudunt
1187 2030 1306 2113 oculos,

350 2155 464 2200 manns
488 2132 685 2218 expandunt,
708 2143 742 2197 ct
764 2131 907 2197 omnium
929 2153 1081 2197 sensuum
1102 2131 1304 2206 vivacitatem

350 2232 523 2298 exercent?
545 2232 673 2297 Deinde
687 2232 777 2319 quasi
792 2231 857 2297 diei
873 2255 937 2297 non
952 2231 1086 2299 sufficiat
1100 2233 1223 2300 malitia
1236 2257 1304 2314 sua,

350 2334 477 2400 fallacia
498 2336 592 2401 unius
616 2336 746 2401 alterius
770 2335 930 2401 fallaciam
953 2335 1061 2401 trudit.
1107 2337 1305 2403 Terentiano

348 2435 506 2524 siquidem
520 2439 618 2504 verbo
628 2438 779 2504 libentius
793 2450 876 2521 utor,
886 2439 965 2503 dum
980 2439 1022 2503 ad
1037 2441 1303 2526 concupiscentia

348 2539 509 2605 fornacem
538 2542 799 2609 succendendum
828 2540 1023 2606 conveniunt
1051 2541 1242 2624 adulatores,
1270 2552 1305 2607 et

350 2641 510 2724 relatores,
530 2643 698 2722 delatores,
721 2653 755 2707 et
772 2643 978 2720 detractores,
1000 2641 1111 2720 invidi,
1134 2642 1304 2720 ambitiosi,

348 2743 435 2822 elati,
459 2744 591 2828 factiosi,
615 2758 649 2810 et
673 2745 892 2830 superstitiosi,
914 2743 1071 2828 flagitiosi,
1095 2745 1303 2833 omniumque

348 2844 521 2911 officiorum
537 2846 811 2932 praevaricatorem
838 2867 918 2931 quos
932 2844 1008 2931 quia
1023 2843 1089 2909 fere
1105 2845 1225 2932 ubique
1240 2858 1304 2912 ter·

348 2969 455 3012 rarum
478 2958 561 3026 suut,
584 2947 708 3013 facilius
730 2958 779 3012 est
800 2947 954 3028 invenire,
970 2969 1069 3034 quam
1090 2946 1303 3016 dinumerare.

348 3052 513 3117 Adversus
527 3050 710 3136 hujusmodi
729 3061 778 3116 est
792 3050 897 3115 omnis
916 3050 977 3129 lex,
993 3049 1026 3114 iu
1042 3050 1100 3116 hos
1114 3051 1221 3116 omnia
1229 3052 1305 3137 jura

345 3155 526 3238 conjurant,
537 3163 571 3217 at
585 3152 618 3216 in
630 3153 758 3218 eosdem
774 3153 865 3239 quasi
875 3153 909 3216 in
923 3151 1063 3239 publicae
1074 3153 1184 3219 salutis
1198 3153 1304 3237 hostes

346 3256 540 3344 quandoque
556 3255 659 3320 omnis
673 3255 851 3320 armabitur
865 3265 1021 3322 creatura.

348 3591 427 3678 Cap.
444 3599 474 3656 4.
498 3595 587 3668 Quid
600 3595 765 3673 adeatur,
778 3599 970 3667 assentator,
987 3599 1018 3656 ct
1029 3594 1146 3675 palpo,·
1174 3600 1205 3656 et
1219 3594 1303 3674 quod

633 3698 679 3760 eis
693 3695 779 3759 nibil
787 3697 1013 3778 perniciosius.

391 3828 576 3895 Annuaron
586 3827 673 3892 enim
685 3827 788 3893 omnis
805 3827 929 3894 virtutis
939 3826 1086 3894 inimicus
1097 3838 1156 3908 est,
1167 3839 1202 3894 et
1211 3831 1303 3918 quasi

347 3929 473 3995 clavum
490 3931 559 4016 figit
573 3930 607 3994 in
630 3931 722 3997 oculo
736 3931 833 4010 illius,
848 3954 923 3998 cum
940 3955 1004 4020 quo
1018 3926 1207 3999 'sermonem
1226 3955 1302 3998 con-

346 4034 433 4111 serit,
459 4055 562 4121 eoque
588 4035 689 4120 magis
709 4036 873 4111 >carendus
901 4053 960 4115 est,
985 4060 1050 4124 quo
1075 4036 1134 4102 sub
1165 4035 1302 4100 amantis

346 4134 464 4223 specie,
488 4159 603 4203 nocere
627 4161 690 4204 non
714 4138 842 4222 desinit,
866 4140 968 4205 donec
991 4139 1122 4206 rationis
1145 4135 1303 4201 obtundat

347 4259 494 4318 acumen,
517 4252 550 4304 et
570 4240 732 4307 modicum
751 4241 785 4307 id
810 4240 949 4318 luminis,
973 4241 1060 4326 quod
1081 4238 1191 4304 adesse
1213 4233 1302 4301 vide-
