3309 5309
345 650 409 708 ‘206
607 663 744 707 Joauxrs
760 662 1039 708 sanusnenransrs
1152 644 1235 725 [aru.
1252 664 1301 711 111.

345 826 378 878 et
393 814 516 886 mulier,
534 814 590 876 sed
606 837 669 877 una
684 837 767 879 caru.
800 816 882 879 Haec
901 816 1009 899 utique
1026 817 1094 878 sine
1111 816 1223 879 dolore
1238 838 1300 879 non

346 916 509 988 scinditur,
526 936 630 998 neque
646 915 713 978 siue
729 915 851 979 invidia
866 917 1129 980 communicatur.

454 1022 515 1074 Nou
527 1022 593 1074 bene
605 1039 663 1073 cum
674 1022 749 1073 sociis
761 1039 844 1088 regna
856 1022 999 1090 Venusque
1011 1027 1134 1075 manent:

348 1130 380 1182 ct
395 1120 477 1183 sicut
492 1122 511 1153 “
525 1121 613 1182 nulla
627 1119 708 1183 fides
723 1120 812 1201 regni
830 1117 955 1196 sociis,’'
970 1121 1014 1183 ita
1029 1141 1089 1183 nec
1105 1120 1176 1183 tori.
1209 1121 1300 1184 Certe

350 1222 474 1286 facilius
490 1233 547 1298 est,
563 1223 653 1303 regni
669 1221 807 1296 divitias,
824 1243 919 1305 quam
941 1221 1144 1284 affectionem
1161 1222 1300 1306 conjugii

350 1323 402 1386 alii
419 1323 541 1385 cedere.
586 1324 630 1385 At
643 1322 698 1406 qui
714 1343 774 1384 nec
795 1321 848 1384 isti
868 1321 1023 1405 conjuges
1040 1332 1126 1398 sunt,
1142 1320 1200 1384 scd
1213 1323 1301 1383 leno·

348 1445 417 1487 nes.
451 1425 544 1488 Tunc
561 1425 688 1487 demum
706 1424 814 1486 omnia
830 1422 1004 1487 creduntur
1018 1424 1207 1504 exposuisse
1223 1422 1299 1485 diri·

348 1525 445 1602 tibus,
457 1548 554 1608 quum
572 1526 648 1589 fidei
663 1524 759 1588 fidem
777 1526 873 1588 saciat
887 1525 969 1588 fides
980 1526 1104 1587 violata.
1143 1525 1210 1588 Sed
1225 1522 1301 1607 quid

350 1625 431 1690 filias
456 1639 489 1691 et
511 1648 628 1690 uxores
656 1626 756 1711 (quod
778 1627 855 1689 licet
873 1626 949 1709 jura
977 1626 1183 1711 prohibeant,
1198 1637 1302 1688 tamen

349 1750 542 1814 quocunque
558 1729 654 1792 modo
669 1741 780 1792 natura
795 1729 959 1812 permittit)
976 1728 1098 1810 exponi
1114 1749 1240 1811 queror,
1249 1738 1301 1790 aut

348 1832 519 1914 prostitui?
559 1833 598 1894 Iu
628 1833 732 1915 ipsam
758 1841 913 1908 naturam,
944 1831 1035 1914 quasi
1063 1829 1212 1912 gigantes
1237 1830 1302 1907 alii,

349 1933 599 1998 Theomachiam
624 1955 739 1996 noram
761 1944 959 2010 exercentes,
978 1933 1158 2011 insurgunt.
1204 1932 1301 1995 Filios

348 2037 485 2097 offerunt
511 2037 638 2113 Veneri,
661 2036 855 2119 eosdemque
880 2036 913 2098 in
940 2035 1101 2098 oblatione
1120 2055 1300 2118 pupparum

349 2135 488 2215 virgines
514 2137 625 2217 praeire
650 2138 856 2219 compellunt.
904 2138 941 2199 ln
967 2136 1032 2199 illis
1054 2136 1172 2200 etenim
1199 2136 1301 2200 aetatis

350 2235 513 2297 maturitas
534 2246 737 2318 expectatur;
759 2248 791 2299 at
810 2237 843 2297 iu
861 2236 910 2298 his
926 2235 1045 2298 sufficit
1062 2235 1176 2299 alienae
1196 2235 1300 2318 impu·

349 2335 468 2397 dicitiae
481 2337 674 2417 voluptatem
691 2358 784 2418 posse
801 2338 934 2420 expleri.
965 2335 1070 2399 Pudet
1086 2336 1204 2413 dicere,
1213 2335 1299 2420 quod

350 2436 472 2518 seipsos
496 2424 552 2498 riri
573 2448 665 2500 aetate
687 2439 901 2520 provectiores
928 2447 960 2501 et
982 2459 1088 2514 sensu,
1110 2436 1300 2520 turpitudini

349 2545 446 2599 tanta
466 2557 531 2598 non
554 2537 754 2614 subtrahunt,
769 2548 801 2600 et
816 2559 916 2621 quum
932 2559 987 2600 eos
1002 2537 1036 2600 in
1052 2538 1204 2600 nobiliori
1219 2558 1300 2600 sexu

349 2648 460 2700 natura
470 2637 632 2715 creavcrit,
641 2637 682 2700 ad
693 2637 877 2701 deteriorem
889 2650 1041 2723 quantum
1054 2639 1087 2702 in
1098 2638 1178 2723 ipsis
1190 2649 1249 2717 est,
1260 2659 1301 2701 ex

347 2739 459 2801 inuata
473 2738 592 2801 malitia
613 2736 832 2822 prolabuntur,
848 2738 1018 2800 effeminati
1035 2738 1112 2801 vitio
1127 2747 1160 2800 et
1175 2758 1302 2820 corrup-

349 2841 413 2902 tela
434 2860 568 2913 morum,
585 2861 684 2922 quum
707 2851 811 2902 tamen
836 2850 957 2902 naturae
977 2838 1150 2912 beneficio,
1173 2839 1300 2902 feminae

348 2963 419 3004 esse
446 2963 510 3004 non
537 2942 672 3024 possint.
717 2942 824 3014 Qurrm
851 2940 1047 3004 lascivientis
1071 2940 1182 3004 divitis
1205 2941 1301 3004 luxus

348 3041 476 3106 libidini
492 3054 565 3106 vota
588 3064 644 3105 sua
667 3042 847 3124 praecingit,
863 3041 1077 3105 recumbentis
1098 3040 1200 3125 pedes
1218 3042 1300 3104 cala-

347 3146 507 3208 mistratus
529 3145 708 3207 comatulus
730 3143 863 3226 excipit,
879 3143 1012 3206 nitorem
1034 3142 1182 3204 invidens
1202 3163 1300 3205 mere·

347 3246 430 3324 ttici,
444 3245 590 3308 histrioni
613 3244 770 3319 habitum,
787 3245 908 3307 cultum
929 3243 1046 3325 procis,
1062 3242 1238 3325 virginibus
1251 3261 1300 3305 or-

348 3358 468 3420 natum,
483 3346 708 3430 triumphalem
733 3366 862 3428 quoque
885 3343 1087 3426 principibus
1101 3353 1301 3427 apparatum,

349 3456 381 3510 et
405 3448 437 3509 iu
464 3447 597 3509 aliorum
621 3457 797 3528 conspectu
824 3446 935 3528 pedes,
961 3453 993 3508 et
1018 3466 1059 3508 ne
1084 3446 1157 3529 plus
1184 3444 1301 3518 dicam,

349 3547 466 3609 teneris
488 3546 634 3609 manibus
658 3545 752 3610 tibias
774 3557 899 3610 tractat.
945 3545 1192 3610 chirothecatus
1213 3542 1300 3606 enim

347 3646 480 3709 incessit
494 3645 623 3723 diutius,
633 3655 670 3709 ut
685 3668 797 3710 manus
812 3647 872 3710 soli
887 3648 1069 3710 subtractas
1084 3645 1244 3710 emolliret
1256 3643 1298 3706 ad

349 3747 452 3810 divitis
469 3768 572 3809 usum.
616 3748 744 3811 Deinde
763 3749 894 3812 licentia
915 3750 1078 3832 paululum
1095 3745 1300 3830 procedente,

348 3855 448 3909 totum
479 3868 594 3929 corpus
622 3848 788 3931 impudico
812 3860 900 3913 tuctu
925 3852 1077 3913 oberrans
1106 3847 1299 3931 pruriginem

347 3947 471 4030 scalpit,
495 3968 590 4030 quam
615 3947 699 4026 fecit,
721 3961 752 4010 et
773 3950 865 4030 ignes
888 3950 1023 4012 Veneris
1044 3947 1232 4028 languentis
1253 3947 1298 4009 in-

346 4049 496 4111 flammat.
542 4050 661 4109 Verum
686 4049 757 4111 haec
782 4051 989 4127 abominatio,
1011 4071 1076 4112 uon
1103 4060 1169 4113 tam
1195 4058 1299 4111 osten·

348 4148 454 4212 deuda
468 4163 517 4210 est
539 4169 634 4232 quam
657 4151 877 4232 conspuenda,
892 4150 1090 4234 puderetque
1113 4171 1187 4213 eam
1208 4147 1299 4229 nugis
1341 4209 1345 4219 ,

347 4250 463 4314 nostris
478 4271 548 4312 esse
563 4249 722 4328 insertam,
731 4250 794 4313 nisi
806 4250 939 4315 eandem
949 4253 1134 4334 Apostolus,
1145 4245 1298 4314 Romanis
