3309 5309
346 669 407 731 104
609 682 746 727 Joaurus
762 682 1043 727 saansaantarrsrs
1161 663 1243 742 [ma.
1260 683 1298 728 11.

346 833 521 919 majestatis
535 834 687 918 potentia,
706 855 845 917 eumque
861 831 1025 916 sapientire
1043 853 1109 896 suae
1133 833 1255 896 virtute
1267 843 1299 895 et

346 935 557 999 immensitate
579 935 741 1008 formavit,
764 949 796 999 et
820 934 969 1013 firmavit,
991 947 1021 997 et
1039 947 1076 997 ut
1094 934 1203 997 eitam
1227 933 1300 997 sub·

348 1039 495 1101 stantiam
520 1059 618 1122 quam
647 1037 782 1099 formam
805 1036 972 1111 conferret,
1002 1036 1069 1098 sola
1096 1034 1229 1100 inducta
1254 1046 1301 1098 est

348 1140 501 1202 bonitate.
546 1142 665 1203 Verum
695 1137 911 1202 mathematici
941 1136 989 1199 vel
1019 1137 1199 1219 planetarii,
1223 1136 1299 1200 dum

348 1240 552 1326 professionis
565 1261 631 1303 snae
642 1239 815 1325 potentiam
827 1238 961 1302 dilatare
972 1238 1132 1314 nituntur,
1142 1237 1174 1301 in
1187 1239 1302 1300 erroris

348 1356 380 1406 et
396 1342 567 1428 impietatis
578 1340 741 1405 mendacia
753 1340 1014 1425 perniciosissime
1026 1336 1191 1402 corruunt.
1235 1338 1301 1401 Nec

350 1444 572 1528 cujuscunque
595 1444 674 1506 artis
695 1442 806 1525 regula
828 1456 973 1504 servatur
1002 1439 1111 1520 illaesa,
1141 1439 1201 1502 nisi
1224 1438 1301 1501 dum

350 1544 432 1607 infra
454 1544 573 1630 proprii
597 1544 722 1628 generis
745 1543 900 1607 ambitum
923 1542 1102 1617 cohibetur,
1127 1541 1299 1626 ptaesertim

350 1668 450 1729 quum
469 1648 567 1731 juxta
583 1647 768 1731 sapientem,
783 1646 935 1728 frequens
950 1644 990 1707 sit
1012 1643 1133 1728 aliquid
1149 1655 1241 1705 extra
1256 1664 1302 1704 re·

349 1748 456 1830 gulam
481 1747 624 1810 inveniri.
670 1747 782 1810 Omnis
804 1745 920 1809 etenim
944 1745 1057 1828 regula
1078 1744 1174 1807 alicui
1195 1741 1302 1827 generi

351 1870 455 1911 rerum
473 1847 709 1911 accommodata
719 1860 776 1911 est.
823 1848 856 1910 Si
869 1869 942 1910 vero
952 1846 1140 1910 traducatur
1151 1845 1191 1908 ad
1204 1843 1302 1921 aliud,

353 1949 460 2012 statim
480 1949 513 2011 in
537 1950 701 2012 veritatem
717 1947 866 2032 impingit
886 1948 1056 2012 obnoxiam
1077 1947 1223 2011 falsitati.
1270 1945 1301 2008 si

351 2071 428 2133 ergo
443 2048 656 2112 mathematici
667 2048 842 2135 probabilis
866 2050 1051 2125 matheseos,
1064 2049 1095 2112 id
1112 2061 1172 2126 est,
1188 2048 1303 2113 doctri-

352 2153 433 2215 nalis
443 2151 613 2215 essentfine
623 2152 775 2228 contenti,
786 2165 817 2215 et
833 2175 937 2216 veram
948 2152 1209 2239 possentasseqni
1222 2150 1303 2236 posi·

352 2251 469 2316 tionem
492 2252 666 2329 stellarum,
688 2266 719 2316 et
738 2277 777 2316 ex
803 2253 901 2337 signis
919 2253 984 2317 suis
1005 2253 1110 2317 sobria
1126 2252 1305 2317 eruditione

315 2380 319 2387 ·
354 2351 527 2415 secundum
560 2352 648 2436 quod
679 2352 867 2418 naturaliter
897 2353 1088 2438 proveniunt
1117 2352 1302 2438 qualitatem

354 2453 500 2538 praescire
520 2466 711 2539 temporum,
734 2470 765 2517 et
787 2454 1011 2540 speculationis
1031 2476 1098 2518 suae
1113 2452 1305 2540 jucundissi-

354 2555 731 2641 mumcarperefructum.
758 2560 866 2629 Quum
880 2579 954 2619 vero
963 2556 1096 2621 dilatant
1107 2554 1305 2641 phylacteria

354 2679 411 2726 sua
426 2670 457 2720 et
473 2657 678 2740 magnificant
698 2657 851 2738 fimbrias,
866 2658 943 2721 dum
966 2657 1260 2721 constellationibus
1274 2666 1305 2718 et

354 2757 489 2842 planetis
504 2757 638 2825 nimium
661 2758 788 2827 virtutis
811 2759 1009 2834 adscribunt,
1025 2760 1070 2822 eis
1086 2760 1304 2843 nescioquam

312 2843 323 2866 ’
353 2861 574 2926 auctoritatem
596 2883 729 2946 operum
758 2859 983 2940 adscribentes,
1006 2861 1038 2924 in
1061 2860 1212 2925 creatoris
1234 2882 1306 2946 pro·

356 2975 511 3046 rumpunt
540 2960 712 3048 injuriam3
737 2973 768 3025 et
799 2960 875 3024 dum
900 2962 1040 3027 coelestia
1069 2985 1143 3053 quae
1169 2971 1305 3025 tractant

355 3061 395 3124 ad
417 3061 619 3125 sobrietatem
641 3084 703 3125 non
728 3061 868 3147 sapiunt,
886 3063 984 3148 juxta
1008 3061 1195 3148 Apostolum
1216 3059 1306 3125 stulti

356 3175 440 3227 sunt.
486 3163 567 3226 Vide
598 3163 630 3226 in
660 3177 814 3249 quantam
839 3165 954 3229 erroris
977 3165 1139 3250 abyssum,
1167 3163 1208 3228 ab
1232 3162 1307 3248 ipsis

355 3264 537 3329 coelestibus
552 3264 676 3330 cadant.
723 3264 1025 3330 constellationibus
1040 3266 1104 3330 suis
1123 3264 1307 3328 adscribunt

359 3368 474 3428 omnia.
519 3369 571 3429 Tu
584 3366 701 3429 videris
716 3387 754 3430 an
773 3367 828 3429 liat
845 3366 873 3428 ei
889 3367 1017 3452 injuria,
1035 3365 1091 3452 qui
1107 3366 1181 3429 fecit
1192 3366 1306 3428 coelum

357 3480 389 3529 et
416 3479 530 3529 terram
557 3479 589 3529 et
612 3467 718 3529 omnia
743 3489 817 3550 quae
844 3466 876 3528 in
900 3466 944 3529 eis
968 3480 1051 3531 sunt.
1098 3467 1222 3531 Deinde
1239 3487 1307 3530 eam

358 3566 553 3630 constellatio
568 3568 664 3631 rebus
674 3568 893 3632 necessitatem
908 3569 1030 3645 indicit,
1048 3582 1084 3633 ut
1099 3569 1224 3633 arbitrii
1239 3590 1309 3652 per-

358 3667 436 3738 imat
458 3668 648 3733 libertatem.
694 3674 743 3735 Au
767 3683 797 3733 et
821 3670 881 3733 hoc
911 3684 1006 3751 recte,
1028 3685 1132 3735 tecum
1155 3669 1308 3735 delibera.

361 3769 414 3832 Ad
435 3781 554 3839 tantam
577 3769 714 3856 denique
737 3771 868 3858 quidam
893 3794 1062 3857 pervenere
1085 3773 1257 3848 vesaniam,
1274 3783 1310 3835 ut

361 3893 400 3934 ex
416 3870 549 3934 diversis
564 3871 726 3936 stellarum
741 3873 954 3956 positionibus
969 3873 1075 3938 dicant
1088 3874 1257 3957 imaginem
1270 3874 1310 3937 ab

360 3972 487 4038 homine
498 3995 590 4054 posse
601 3972 743 4048 formari,
754 3994 826 4055 quae
842 3972 867 4035 si
877 3996 934 4057 per
945 3975 1110 4038 intervalla
1122 3989 1313 4061 temporum,

360 4091 392 4142 et
422 4075 561 4162 quadam
589 4075 710 4137 ratione
739 4076 981 4160 proportionum
1011 4077 1043 4140 in
1074 4076 1311 4142 constellatione

361 4179 658 4248 servatasormetur‚
673 4174 1059 4262 stellarumnuturecipiet
1072 4179 1218 4262 spiritum
1228 4179 1313 4259 vitae,

361 4295 393 4344 et
407 4276 643 4344 consulentibus
658 4275 791 4340 occultae
807 4277 949 4347 veritatis
962 4279 1174 4344 manifestabit
1191 4302 1311 4344 arcana.
