3309 5309
436 635 478 693 56
698 643 834 689 roxnurs
849 639 1130 687 saansnnarausrs
1268 625 1356 700 [orn.
1374 640 1398 684 1.

438 820 581 884 quoque,
613 818 687 883 quae
717 795 821 880 capite
852 793 1053 878 discooperto
1082 791 1211 868 incedit,
1237 789 1396 854 infelicem

439 897 550 963 crede:
575 897 647 973 nisi,
664 908 699 958 ut
716 894 802 980 apud
822 893 962 957 Plinium
981 893 1108 978 legitur,
1124 891 1253 977 publica
1269 894 1322 968 sit,
1338 903 1396 955 aut

440 1124 616 1178 occurrere,
644 1120 719 1185 quae
745 1109 853 1161 amoto
875 1099 956 1177 velo,
978 1109 1074 1182 eaput
1102 1118 1195 1159 suum
1222 1095 1397 1179 deturpare

442 1225 504 1266 non
535 1201 703 1265 erubescit.
753 1199 808 1262 Ab
839 1197 888 1260 his
918 1221 992 1283 quae
1021 1198 1125 1283 primo
1154 1196 1287 1261 audiens
1315 1199 1400 1260 inter

442 1304 545 1387 operis
560 1303 716 1388 cujusque
732 1299 884 1385 auspicia,
899 1299 976 1385 quid
994 1311 1147 1384 sequatur
1162 1319 1350 1382 praenosces

516 1420 586 1472 Hinc
599 1420 672 1472 Deus
685 1419 836 1471 incumbens
847 1416 939 1469 baculo
952 1435 1028 1485 quem
1041 1416 1135 1468 dextra
1147 1415 1263 1482 gerebat,

551 1507 648 1558 Omina
659 1505 800 1577 principiis,
813 1504 891 1568 dixit,
903 1504 990 1555 inesse
1001 1502 1095 1555 solent.

513 1592 629 1646 Auditus
641 1608 715 1644 voces
727 1590 820 1643 timida
831 1589 1014 1661 perpendimus
1025 1606 1097 1651 aure,
1190 1622 1194 1631 -

550 1679 586 1731 Et
597 1680 706 1748 primam
717 1679 800 1729 visam
811 1675 922 1729 consulit
935 1694 1017 1743 augur
1029 1692 1112 1731 arem.

444 1774 495 1844 Ea
519 1781 678 1866 siquidem
705 1781 889 1846 futurorum
920 1777 1109 1865 praenostica
1135 1788 1219 1840 sunt.
1264 1775 1398 1841 Petilius

445 1884 555 1947 consul
579 1885 744 1946 Romanus
768 1902 959 1967 oppugnans
984 1893 1123 1943 castrum
1146 1878 1177 1941 in
1205 1876 1324 1956 Sicilia,
1346 1880 1400 1941 cui

444 2004 558 2047 nomen
586 1985 705 2048 Letum
730 1995 808 2058 erat,
833 2004 933 2067 quum
958 1981 1074 2044 milites
1095 1983 1335 2065 accingerentur
1358 1979 1399 2042 ad

443 2107 596 2171 pugnarn,
620 2084 676 2159 ait,
700 2086 773 2169 Ego
799 2083 894 2148 bodie
922 2084 1037 2148 Letunr
1061 2085 1193 2168 capiam.
1246 2084 1398 2166 Casuque

446 2189 489 2250 sic
503 2185 629 2265 accidit,
644 2209 744 2271 quum
769 2188 837 2270 ipse
860 2185 967 2248 eadem
992 2186 1043 2249 die
1065 2185 1161 2250 fuerit
1177 2186 1399 2269 interemptus.

447 2287 538 2351 Alius
555 2309 684 2372 quoque
706 2288 815 2351 consul
839 2310 939 2373 quurn
963 2311 982 2351 a
1004 2302 1114 2352 senatu
1130 2287 1342 2352 destinaretur
1357 2285 1400 2350 ad

444 2389 694 2473 expugnandum
711 2413 816 2474 regem
840 2394 1018 2464 Persarum,
1035 2413 1053 2453 a
1068 2389 1133 2453 filia
1155 2412 1250 2477 quarn
1267 2387 1399 2452 inustio

445 2489 560 2554 domus
588 2491 715 2556 flentem
746 2493 875 2557 obviam
905 2493 1030 2571 habuit,
1059 2513 1185 2556 causam
1226 2491 1397 2577 quasivit3

446 2616 611 2679 quumque
626 2594 681 2659 illa
696 2595 914 2682 responderet,
931 2597 1058 2659 Persam
1082 2596 1222 2680 periisse,
1240 2594 1298 2673 (sic
1314 2593 1400 2657 enim

444 2695 567 2762 catulus
594 2699 651 2784 qui
677 2697 760 2762 forte
789 2697 937 2783 perierat,
965 2697 1141 2778 dicebatur)
1172 2695 1335 2782 proiectus
1365 2695 1399 2758 iu

443 2797 677 2884 expeditionem
702 2799 904 2884 triumphum
927 2821 988 2862 non
1012 2799 1144 2877 invenit,
1164 2821 1202 2861 eo
1229 2798 1317 2882 quod
1339 2821 1398 2863 rex

444 2900 613 2965 Persarum
644 2899 792 2985 perierat,
823 2899 953 2984 quando
983 2899 1048 2963 tilia
1086 2900 1223 2964 consulis
1252 2900 1398 2965 catulum

446 2999 541 3065 flebat
557 3001 718 3066 amissum.
763 3001 814 3066 Ab
836 3001 912 3086 ipsis
934 3002 1029 3065 etiarn
1052 3002 1225 3077 elementis,
1241 3016 1295 3068 aut
1320 3015 1402 3068 tem-

445 3104 531 3188 poris
548 3104 713 3189 qualitate,
729 3126 833 3168 rerum
850 3104 1034 3190 frequenter
1054 3104 1226 3169 trahuntur
1247 3105 1402 3191 auspicia,

444 3204 597 3270 Fortunae
619 3206 782 3287 duritiam,
796 3205 900 3291 gratia
922 3208 1011 3285 roris,
1032 3218 1088 3270 aut
1111 3206 1273 3270 modestus
1295 3207 1403 3273 imber·

444 3305 574 3370 emollit.
618 3309 793 3371 Roscidum
816 3308 949 3394 quippe,
972 3324 1004 3373 et
1031 3307 1232 3393 suppluviale
1258 3322 1400 3396 tempus,

445 3428 562 3490 aerque
599 3406 707 3482 sudus,
736 3407 814 3471 dum
844 3409 948 3491 operis
984 3411 1141 3495 cujusque
1177 3412 1403 3479 incunctanter

447 3518 552 3570 ortum
576 3508 791 3591 prosequitur,
813 3508 954 3572 creditur
976 3511 1117 3596 ejusdem
1141 3512 1303 3578 fortunare
1327 3538 1405 3601 pro·

449 3629 581 3673 cessum.
625 3611 734 3682 Quum
750 3609 880 3674 fortuna
899 3633 972 3695 quae
995 3613 1154 3698 Phrygios
1168 3615 1276 3679 exules
1291 3614 1406 3686 liventi

446 3706 539 3771 oculo
561 3707 617 3771 diu
640 3708 880 3794 perstrinxerat,
897 3713 1024 3777 tandem
1047 3715 1227 3801 benignius,
1243 3719 1337 3802 quasi
1358 3719 1404 3784 de

446 3812 575 3895 specula
589 3810 712 3895 gratiae,
730 3814 932 3898 respexisset,
1201 3807 1205 3816 ⁹

552 3927 608 3980 Olli
619 3929 745 3982 caeruleus
756 3949 833 4003 supra
845 3938 921 4003 caput
933 3935 1035 3987 adstitit
1046 3936 1138 3989 imber.

447 4027 554 4089 Venus
570 4025 725 4109 naufrago
739 4025 816 4102 filio,
832 4028 917 4114 apud
942 4030 1100 4094 Didonem
1123 4033 1297 4120 hospitium
1316 4058 1404 4122 prae·

443 4150 569 4214 parans,
593 4127 728 4191 eundem
751 4127 817 4191 fido
839 4129 958 4194 Achate
981 4132 1178 4212 comitatum,
1194 4137 1271 4201 dum
1295 4137 1326 4200 in
1352 4163 1403 4204 re-

444 4231 526 4312 giuae
542 4229 676 4313 gratiam
693 4228 920 4312 introduceret,
936 4255 1012 4301 cava
1028 4234 1113 4299 nube
1128 4236 1260 4307 obtexit.
1303 4242 1406 4306 Toni-r
