3309 5309
357 635 418 695 146
614 645 751 691 rasurus
767 643 1048 690 saansaaarnusrs
1175 626 1260 706 [ma.
1276 645 1314 688 11.

358 801 491 880 viveret,
506 821 563 862 neo
585 796 717 884 aliquod
732 818 806 861 cum
831 795 876 860 eis
893 795 982 859 initoe
1005 793 1233 860 familiaritatis
1256 793 1313 858 ha·

358 901 464 967 buisse
488 899 721 965 commercium.
767 899 861 963 Nunc
886 920 963 961 vero
987 919 1060 960 eum
1086 897 1126 961 ad
1154 894 1312 983 Pythonis

356 1001 537 1090 imperium,
551 1000 611 1065 sibi
635 1011 740 1087 sperat
763 1011 794 1064 et
819 999 902 1085 petit
922 998 1064 1062 excitari.
1110 998 1189 1063 Vult
1214 997 1310 1061 etiam

358 1102 399 1168 ad
422 1104 482 1166 hoc
505 1100 577 1185 cogi
601 1101 802 1180 defunctum,
816 1100 857 1164 ad
882 1097 970 1186 quod
987 1099 1080 1162 vivus
1102 1099 1224 1185 impelli
1248 1120 1311 1163 non

357 1206 473 1291 potuit.
521 1202 603 1287 Regi
620 1201 776 1288 siquidem
801 1201 904 1265 noluit
920 1199 1060 1264 indicare
1083 1200 1162 1264 dum
1178 1201 1310 1276 viveret,

356 1305 417 1370 nisi
440 1304 526 1390 quod
555 1303 760 1368 indicandum
792 1304 952 1368 Dominus
976 1302 1164 1388 inspirabat.
1203 1305 1310 1378 Quum

357 1419 463 1471 autem
493 1405 634 1470 audisset
662 1404 778 1469 mulier
803 1403 994 1482 Samuelem,
1023 1404 1212 1468 exclamavit
1237 1425 1311 1467 voce

356 1528 484 1592 magna,
504 1518 535 1570 et
551 1504 633 1569 dixit
649 1505 688 1568 ad
706 1504 853 1569 Saulem:
885 1507 993 1579 Quare
1014 1503 1194 1590 imposuisti
1209 1503 1310 1567 mihi?

358 1609 412 1671 Tu
423 1630 457 1671 es
469 1606 551 1670 enim
564 1606 650 1671 Saul.
668 1607 707 1670 Se
719 1605 828 1692 utique
840 1606 1005 1692 deceptam
1016 1605 1162 1684 credidit,
1172 1619 1204 1671 et
1214 1609 1309 1671 etiam

356 1723 428 1796 post
459 1710 637 1795 praestitum
671 1709 905 1794 juramentum,
936 1708 1049 1773 notitia
1077 1722 1109 1773 et
1140 1709 1308 1796 praesentia

353 1811 507 1898 principis
532 1823 703 1875 oneratam.
749 1810 907 1896 Dixitque
933 1810 962 1874 ei
988 1833 1065 1884 rex;
1091 1810 1167 1875 Noli
1185 1810 1306 1889 timere,

355 1912 437 1999 quid
459 1912 591 1977 vidisti?
623 1916 667 1976 Et
690 1911 735 1976 ait
758 1911 872 1975 mulier
893 1911 935 1976 ad
958 1911 1102 1977 Saulem:
1134 1915 1223 1977 Deos
1242 1911 1307 1977 vidi

355 2012 560 2079 ascendentes
585 2013 625 2077 de
651 2027 745 2079 terra.
790 2014 992 2099 Pythonissae
1021 2026 1171 2100 potuerat
1197 2019 1238 2080 ab
1264 2014 1308 2079 in·

355 2127 458 2200 cepto,
486 2115 535 2177 vel
562 2115 666 2180 tenuis
695 2115 770 2180 fidei
797 2116 900 2180 virum
931 2116 1108 2182 deteruisse
1136 2118 1306 2204 responsio.

356 2220 498 2280 Deorum
529 2216 687 2302 siquidem
717 2217 932 2305 pluralitatem
963 2219 1098 2296 inducit,
1128 2232 1161 2286 et
1199 2243 1307 2286 eorum

355 2317 581 2382 habitationem
598 2317 657 2383 sub
676 2330 769 2392 terra,
785 2334 816 2384 et
833 2321 865 2384 in
889 2321 1028 2385 tenebris
1051 2344 1117 2385 esse
1139 2321 1307 2407 significat.

356 2420 452 2485 Dixit
472 2442 549 2504 ergo
571 2419 667 2485 Saul:
692 2419 802 2498 Qualis
824 2434 872 2486 est
893 2422 995 2487 forma
1017 2423 1110 2508 ejus?
1141 2425 1224 2502 Quae
1245 2423 1307 2490 ait:

355 2521 412 2585 Vir
427 2543 521 2586 senex
538 2521 690 2598 ascendit,
706 2534 738 2586 et
754 2522 820 2608 ipse
835 2526 971 2589 amictus
984 2535 1032 2588 est
1054 2524 1162 2612 pallio.
1209 2524 1306 2591 Intel-

352 2624 431 2689 lexit
447 2625 557 2710 itaque
577 2623 654 2688 Saul
677 2622 764 2709 quod
783 2623 912 2688 Samuel
927 2637 1020 2702 esset,
1035 2639 1067 2691 et
1089 2624 1254 2692 inclinavit
1275 2649 1307 2693 se

354 2749 451 2813 super
466 2726 576 2790 faciem
594 2749 682 2790 suam
704 2725 736 2788 in
760 2738 888 2805 terram,
902 2739 934 2791 et
957 2728 1112 2792 adoravit.
1157 2729 1307 2794 Formam

351 2827 437 2892 illius
460 2831 518 2914 qui
540 2827 714 2914 apparebat
737 2827 906 2912 diligenter
927 2827 1070 2915 inquirit,
1092 2828 1177 2894 forte
1203 2853 1306 2894 errore

351 2929 518 3014 gentilium
545 2928 709 3014 deceptus,
733 2928 865 2991 eandem
893 2928 1022 2994 habitus
1048 2943 1079 2995 et
1106 2934 1304 3016 negotiorum

351 3028 483 3095 formam
499 3029 632 3113 singulis
647 3028 733 3116 apud
751 3029 867 3093 inferos
882 3029 1023 3113 credens,
1037 3054 1103 3118 qua
1118 3033 1304 3118 superstites

350 3130 478 3196 fuerant
492 3130 645 3216 insigniti.
694 3130 788 3196 Unde
804 3130 904 3195 illud:
933 3130 1018 3204 Quae
1032 3133 1139 3218 gratia
1152 3156 1304 3199 curruum

421 3295 612 3364 Armorumqne
623 3294 674 3347 suit
683 3295 758 3358 rivis,
771 3310 830 3363 quae
842 3313 903 3347 cura
914 3295 1029 3349 nitentes

421 3379 535 3432 Parcere
548 3397 635 3449 equos,
648 3381 741 3433 eadem
753 3382 869 3451 sequitur
880 3381 972 3435 tellure
983 3388 1109 3453 repostos.

354 3528 415 3592 Sed
432 3550 534 3592 nonne
550 3543 699 3615 potuerat
716 3535 817 3598 sancti
832 3533 892 3598 riri
907 3534 1020 3598 clarior
1035 3557 1104 3598 esse
1118 3534 1232 3621 gloria,
1247 3549 1302 3602 aut

350 3642 422 3716 post
438 3646 570 3696 mortem
587 3633 722 3698 viventis
737 3634 866 3699 habitus
886 3635 1073 3700 immutari?
1103 3638 1150 3702 Et
1173 3637 1302 3723 quidem

351 3730 495 3816 provide,
523 3745 555 3796 et
581 3733 718 3798 fideliter
747 3758 809 3798 non
836 3734 913 3800 dicit
940 3737 1098 3822 scriptura
1125 3739 1301 3804 Samuelem

350 3832 507 3916 Pythonis
532 3834 663 3921 imperio
693 3838 893 3913 suscitatum,
924 3837 978 3901 sed
1009 3838 1185 3904 caecitatem
1213 3841 1302 3929 impii

348 3955 458 3996 sensus
478 3937 653 4018 prudenter
668 3938 831 4022 expressit.
876 3938 931 4003 Ait
947 3939 1042 4017 enim,
1059 3940 1188 4006 Audita
1202 3942 1302 4009 forma

348 4034 408 4099 viri
434 4047 466 4098 et
493 4034 618 4112 habitu,
644 4037 801 4104 intellexit
830 4041 907 4105 Saul
935 4040 1022 4125 quod
1053 4043 1182 4107 Samuel
1212 4058 1299 4111 esset.

347 4139 512 4222 Deceptus
528 4136 641 4221 utique
656 4137 831 4214 intellexit;
862 4140 947 4224 quod
965 4155 996 4204 et
1012 4164 1112 4221 exeo
1134 4146 1298 4230 probatur,

345 4237 431 4323 quod
459 4237 644 4323 subjungit:
674 4243 718 4305 Et
744 4241 908 4306 inclinavit
935 4267 979 4319 se,
1005 4256 1037 4308 et
1064 4243 1221 4312 adoravit.
1267 4247 1299 4312 Si
