3309 5309
413 673 451 732 la
666 684 802 729 Joaunrs
820 681 1101 726 saacsnnamusrs
1241 662 1323 741 [mn.
1341 680 1364 723 1.

410 838 585 922 posteritati
601 837 715 899 divinae
731 837 829 899 literae
845 833 1107 898 consecrassent?
1139 836 1239 897 Arcus
1255 834 1364 895 trium·

411 940 526 1023 phales
551 949 628 1002 tunc
655 937 829 1021 proliciunt
854 937 1033 1000 illustribus
1055 936 1130 998 viris
1153 935 1192 999 ad
1220 935 1363 1015 gloriam,

413 1061 511 1125 quum
524 1061 566 1101 ex
578 1039 695 1122 quibus
707 1038 823 1113 causis,
833 1049 865 1099 et
874 1056 1008 1121 quorum
1020 1036 1094 1112 sint,
1106 1035 1260 1117 impressa
1270 1033 1366 1096 docet

414 1140 591 1225 inscriptio.
636 1141 854 1206 Liberatorem
873 1139 997 1221 patriae,
1019 1137 1216 1200 fundatorem
1241 1136 1367 1219 quietis,

413 1253 490 1304 tunc
514 1240 644 1303 demum
665 1241 829 1323 inspector
844 1239 1001 1319 agnoscit,
1017 1260 1114 1321 quum
1130 1236 1241 1300 titulus
1257 1236 1365 1298 trium·

413 1341 591 1424 phatorem‚
605 1362 699 1424 quem
714 1348 823 1402 nostra
838 1339 1005 1402 Britannia
1017 1338 1135 1420 genuit,
1148 1337 1269 1400 indicat
1280 1336 1365 1398 Con-

414 1444 600 1507 stantinum.
646 1443 763 1505 Nullus
789 1442 875 1503 euim
906 1441 1067 1503 constanti
1098 1461 1236 1523 unquam
1267 1438 1368 1519 gloria

415 1545 537 1623 claruit,
555 1544 618 1606 nisi
639 1565 681 1606 ex
704 1564 773 1620 suo,
795 1545 844 1605 vel
868 1542 988 1624 scripto
1011 1541 1124 1604 alieno.
1170 1540 1294 1603 Eadem
1319 1554 1368 1602 est

414 1647 507 1724 asini,
527 1659 559 1709 et
580 1645 721 1728 cujusvis
740 1644 944 1726 Imperatoris
967 1657 1040 1726 post
1059 1643 1219 1707 modicum
1242 1655 1369 1724 tempus

415 1747 534 1828 gloria;
556 1745 616 1808 nisi
632 1755 788 1828 quatenus
809 1745 960 1807 memoria
974 1745 1165 1823 alterutrius,
1180 1744 1369 1826 scriptorum

413 1850 569 1913 beneficio
597 1859 796 1932 prorogatur.
856 1847 944 1917 Quot
974 1857 1006 1907 et
1037 1858 1173 1927 quantos
1207 1845 1369 1907 arbitraris

414 1951 513 2015 fuisse
542 1971 645 2030 reges,
675 1948 715 2010 de
749 1947 868 2029 quibus
905 1967 1008 2009 sermo
1037 1967 1196 2028 nusquam
1226 1958 1284 2018 est,
1315 1957 1370 2008 aut

416 2050 591 2134 cogitatio?
630 2049 720 2112 Nihil
748 2070 824 2129 ergo
851 2048 1054 2110 consiliosius
1080 2059 1129 2109 est
1154 2050 1370 2130 captatoribus

417 2153 536 2234 gloriae,
550 2173 647 2235 quarn
662 2150 859 2212 literatorum
875 2159 907 2210 et
922 2147 1131 2211 scribentium
1146 2149 1286 2212 maxime
1302 2172 1371 2231 gra·

416 2255 494 2319 tiam
507 2251 688 2337 promereri.
732 2251 892 2314 Inutiliter
907 2250 993 2313 enim
1009 2252 1054 2313 eis
1070 2263 1220 2331 geruntur
1234 2253 1371 2334 egregia,

417 2353 580 2439 perpetuis
610 2352 751 2417 tenebris
781 2350 987 2429 obducenda,
1016 2353 1080 2414 uisi
1108 2353 1267 2418 literarum
1297 2355 1369 2418 luce

418 2455 605 2519 clarescant.
628 2452 793 2536 Quicquid
804 2453 917 2515 favoris
929 2466 984 2514 aut
995 2454 1226 2535 praeconiorum
1243 2455 1371 2517 aliunde

419 2553 623 2630 contrahitur,
637 2551 770 2635 perinde
793 2562 852 2629 est,
867 2572 905 2614 ac
929 2553 955 2614 si
978 2553 1084 2630 Echo,
1104 2576 1200 2637 quam
1223 2555 1371 2618 audisio

419 2653 547 2731 fabulis,
578 2654 709 2736 plausus
739 2653 884 2736 excipiat
912 2653 1101 2730 theatrales;
1139 2655 1258 2718 desinit
1285 2656 1371 2717 enim

420 2773 518 2835 quum
534 2752 678 2836 coeperit.
716 2752 767 2815 Ad
783 2751 853 2814 haec
869 2753 902 2813 in
919 2753 1028 2816 dolore
1045 2754 1203 2831 solatium,
1218 2757 1371 2819 recreatio

419 2854 454 2916 in
469 2852 590 2927 labore,
607 2854 639 2915 in
654 2864 842 2937 paupertate
854 2853 1054 2937 jucunditas,
1069 2855 1227 2919 modestia
1243 2858 1276 2920 in
1292 2858 1372 2921 divi·

420 2955 473 3019 tiis
496 2966 528 3019 et
550 2955 678 3034 delitiis,
700 2955 884 3020 fidelissime
908 2979 927 3020 a
948 2958 1049 3020 literis
1072 2971 1241 3021 mutuatur.
1287 2961 1370 3023 Nam

421 3059 538 3122 avitiis
560 3059 725 3122 redimitur
747 3059 881 3133 animus,
902 3069 935 3121 et
956 3059 1045 3122 suavi
1067 3072 1100 3122 et
1121 3061 1200 3124 mira
1222 3063 1372 3146 quadam,

420 3161 515 3224 etiam
534 3162 567 3225 in
591 3162 745 3239 adversis,
763 3161 969 3246 jucunditate
989 3162 1140 3241 relicitur,
1156 3186 1256 3247 quum
1273 3166 1312 3228 ad
1328 3166 1372 3226 le·

420 3262 560 3345 gendum
570 3265 617 3328 vel
628 3265 1373 3342 scribendumutilia,mentisintenditacumen.

423 3364 554 3427 Nullam
569 3365 602 3424 in
618 3365 714 3426 rebus
728 3365 878 3428 humanis
893 3366 1131 3449 jucundiorem,
1146 3381 1201 3430 aut
1214 3370 1375 3433 utiliorem

422 3464 666 3546 occupationem
699 3466 861 3528 invenies:
895 3468 957 3528 nisi
987 3471 1065 3530 forte
1098 3470 1252 3536 divinitus
1288 3493 1375 3534 coma

422 3575 543 3649 puncta
558 3563 685 3626 devotio
706 3565 827 3627 orando
844 3565 961 3629 divinis
983 3568 1107 3631 insistat
1126 3573 1306 3654 colloquiis,
1321 3586 1375 3634 aut

423 3664 518 3729 corde
534 3685 589 3747 per
605 3665 766 3729 caritatem
789 3666 931 3745 dilatato,
948 3669 1054 3731 Deum
1074 3683 1182 3734 mente
1203 3673 1375 3755 concipiat,

424 3774 456 3830 et
470 3767 631 3850 magnalia
646 3766 716 3851 ejus
732 3767 818 3851 apud
840 3790 874 3831 se
897 3770 989 3854 quasi
1005 3769 1144 3854 quadam
1159 3773 1374 3837 meditationis

423 3889 522 3932 manu
537 3878 716 3950 pertractet.
760 3871 906 3952 Experto
927 3872 1033 3948 crede,
1048 3872 1123 3953 quia
1143 3874 1250 3936 omnia
1264 3874 1375 3936 mundi

426 3970 534 4035 dulcia
554 3971 603 4034 his
618 3972 735 4035 collata
756 3973 930 4049 exercitiis,
945 3986 1163 4049 amarescunt3
1185 3996 1223 4036 eo
1243 3975 1375 4058 quidem

425 4073 536 4156 magis,
549 4094 613 4158 quo
625 4073 742 4157 cuique
754 4095 869 4137 sensus
882 4075 1041 4156 integrior,
1052 4088 1084 4136 et
1098 4075 1177 4136 ratio
1193 4076 1377 4157 incorrupta

420 4174 538 4260 judicii
563 4174 699 4258 purioris
725 4175 811 4257 viget
841 4176 997 4238 acumine.
1052 4175 1130 4238 Noli
1160 4197 1234 4258 ergo
1260 4178 1376 4255 mirari,

427 4296 523 4357 quare
547 4276 684 4360 aliquem
707 4277 839 4358 gradum
863 4277 970 4354 scalae,
991 4299 1062 4361 quae
1087 4299 1172 4340 nunc
1197 4280 1266 4342 sola
1287 4281 1375 4344 novit
