3309 5309
349 672 421 718 car.
441 654 529 733 vua]
728 668 983 715 rouucnamcus.
1244 649 1307 707 295
1356 669 1359 675 ·

351 821 399 885 Ut
422 841 499 885 vero
522 819 556 884 iu
583 818 678 884 laude
705 817 837 905 Trajaui
862 815 985 881 facilius
1010 814 1223 902 acquiescant,
1248 813 1303 898 qui

347 921 426 987 alios
448 919 479 984 ei
500 918 716 1006 praeferendos
737 918 919 1005 opinantur,
941 917 1074 982 virtutes
1095 916 1164 1001 ejus
1185 912 1303 997 legitur

347 1021 591 1090 commendasse
616 1020 832 1087 sanctissimus
856 1041 939 1107 papa
962 1017 1147 1103 Gregorius,
1170 1025 1204 1079 et
1225 1012 1302 1078 lusis

347 1147 405 1213 pro
427 1146 468 1190 eo
489 1122 669 1212 lachrymis,
690 1122 864 1189 inferorum
886 1119 1117 1207 compescuisse
1139 1114 1298 1193 incendia,

348 1228 492 1296 Domino
506 1236 731 1291 remunerante
746 1225 780 1289 in
796 1223 1013 1289 misericordia
1027 1221 1118 1287 uberi
1129 1219 1299 1309 justitiam,

346 1352 444 1418 quam
460 1329 566 1394 viduoe
577 1328 667 1394 flenti
678 1327 867 1394 exhibuerat
882 1325 1049 1411 Trajanus.
1088 1324 1199 1399 Quum
1211 1322 1297 1387 enim

344 1441 542 1497 memoratus
565 1430 752 1516 Imperator,
770 1430 840 1516 jam
864 1449 984 1516 equum
1009 1427 1235 1507 adscendisset,
1256 1425 1296 1490 ad

345 1532 468 1599 bellum
499 1533 707 1620 prolecturus,
736 1531 833 1597 vidua
865 1529 1063 1617 apprehenso
1090 1529 1173 1616 pede
1201 1528 1297 1607 illius,

346 1633 571 1700 miserabiliter
592 1633 715 1718 lugens,
731 1631 791 1698 sibi
808 1631 966 1718 justitiam
987 1630 1056 1697 fieri
1076 1630 1179 1717 petiit,
1194 1629 1235 1694 de
1250 1629 1299 1696 his

346 1739 402 1826 qui
415 1737 519 1803 filium
532 1737 601 1823 ejus
615 1737 784 1822 optimum,
795 1748 830 1801 et
839 1734 1134 1800 innocentissimum
1144 1733 1298 1820 juvenem

346 1841 464 1927 injuste
479 1839 670 1905 occiderant.
716 1838 781 1920 Tu,
794 1838 911 1925 inquit,
929 1839 1086 1923 Augusta,
1101 1837 1250 1922 imperas,
1265 1846 1299 1900 et

346 1965 408 2029 ego
423 1954 490 2008 tam
505 1954 645 2008 atrocem
660 1941 810 2027 injuriam
825 1939 952 2028 patior?
974 1939 1055 2026 Ego,
1071 1938 1176 2027 inquit
1191 1939 1301 2025 Impe-

346 2055 441 2123 rator,
453 2043 643 2111 satisfaciam
654 2044 713 2110 tibi
725 2066 825 2133 quum
838 2044 973 2109 rediero.
1006 2042 1105 2126 Quid,
1116 2041 1221 2131 inquit
1231 2041 1298 2122 illa,

347 2147 373 2212 si
388 2169 452 2213 nou
468 2146 623 2212 redieris?
660 2148 831 2214 Successor
844 2170 946 2229 meus,
960 2147 1005 2213 ait
1026 2146 1195 2234 Trajauus,
1210 2145 1300 2212 satis·

348 2249 444 2315 faciet
472 2250 541 2318 tibi.
593 2250 637 2316 Et
664 2251 737 2317 illa:
775 2250 864 2327 Quid
894 2251 954 2317 tibi
982 2251 1134 2338 proderit,
1163 2249 1189 2316 si
1219 2248 1300 2315 alius

348 2352 569 2419 benefecerit?
606 2353 660 2419 Tu
685 2354 765 2420 mihi
786 2355 914 2422 debitor
934 2378 979 2433 es,
1003 2354 1179 2420 secundum
1202 2375 1300 2440 opera

348 2455 530 2521 mercedem
550 2469 743 2544 recepturus.
791 2458 892 2524 Fraus
912 2459 1023 2546 utique
1043 2468 1102 2535 est,
1123 2455 1207 2521 nolle
1228 2456 1301 2521 red-

348 2556 424 2622 dere
446 2557 533 2644 quod
558 2559 703 2628 debetur.
751 2560 921 2626 Successor
942 2569 1016 2624 tuus
1040 2557 1189 2644 injuriam
1217 2559 1298 2642 pati·

347 2659 485 2744 autibus,
498 2683 557 2747 pro
578 2684 611 2727 se
633 2661 802 2727 tenebitur.
850 2660 901 2724 Te
922 2681 985 2724 non
1009 2658 1158 2724 liberabit
1174 2657 1300 2742 justitia

346 2762 460 2830 aliena.
493 2764 584 2827 Bene
599 2776 711 2847 agatur
721 2784 795 2827 cum
811 2783 989 2826 successore
1004 2772 1069 2838 tuo,
1080 2760 1106 2825 si
1117 2758 1300 2824 liberaverit

349 2887 382 2930 se
396 2865 513 2952 ipsum.
560 2863 621 2928 His
635 2865 740 2930 verbis
753 2875 859 2930 motus
876 2865 1063 2951 Imperator,
1078 2861 1245 2928 descendit
1258 2861 1299 2927 de

346 2990 440 3057 equo,
467 2979 500 3031 et
524 2988 651 3031 causam
675 2966 918 3054 praesentialiter
942 2966 1145 3044 examinavit,
1168 2977 1202 3031 et
1223 2986 1298 3030 con-

345 3073 445 3156 digna
473 3068 686 3136 satisfactione
711 3073 841 3138 viduam
872 3072 1050 3139 consolatus
1079 3083 1136 3138 est.
1183 3070 1298 3135 Fertur

345 3182 455 3238 autem
478 3169 679 3238 beatissimus
710 3174 886 3258 Gregorius
917 3174 1006 3262 Papa
1028 3172 1151 3239 tamdiu
1177 3193 1236 3258 pro
1258 3191 1298 3236 eo

346 3273 464 3339 fudisse
475 3271 662 3360 lachrymas,
670 3274 772 3340 donec
783 3276 813 3340 ei
825 3275 858 3339 in
866 3275 1059 3342 revelatione
1070 3274 1298 3341 nuntiatumsit

347 3375 523 3461 Trajauum
546 3398 566 3441 a
588 3377 691 3463 poeuis
711 3378 827 3443 inferni
849 3377 1031 3458 liberatum,
1046 3379 1105 3444 sub
1127 3401 1167 3444 ea
1187 3390 1296 3445 tamen

346 3477 538 3555 conditione,
569 3500 611 3543 ne
644 3481 777 3547 ulterius
805 3504 864 3568 pro
893 3483 1000 3572 aliquo
1028 3481 1151 3548 infideli
1187 3481 1296 3548 Deum

345 3581 513 3648 sollicitare
536 3596 753 3668 praesumeret.
804 3586 903 3652 Unde
929 3598 962 3653 et
989 3585 1105 3653 merito
1129 3585 1298 3672 praefertur

344 3683 423 3761 aliis,
446 3686 536 3771 cujus
557 3685 657 3753 virtus
678 3710 745 3774 proe
767 3690 893 3754 caeteris
913 3688 959 3756 ita
977 3688 1093 3757 sanctis
1114 3687 1244 3775 placuit,
1260 3697 1298 3754 ut

346 3808 455 3852 eorum
476 3788 609 3872 maritis,
630 3788 715 3855 solus
736 3789 777 3855 sit
798 3789 961 3860 liberatus.
1006 3791 1052 3858 Et
1071 3791 1142 3858 baec
1163 3790 1295 3880 quidem

345 3887 385 3954 de
400 3889 503 3977 capite
518 3891 704 3978 reipublicae
718 3893 805 3959 dicta
818 3904 903 3962 suut.
