3309 5309
714 632 855 678 car.
887 615 987 696 x]
1445 629 1951 676 Ponrcm‘rrcns
2545 615 2626 679 77

714 782 937 848 bilium
974 805 1258 869 operum,
1288 783 1492 869 ipsum
1521 781 1853 848 Christum
1883 783 2091 844 Deum
2122 801 2255 841 esse
2285 791 2620 842 constaret.

715 884 910 948 Unde
939 887 986 948 J
988 888 1290 970 osephus:
1342 885 1499 948 Fuit
1522 897 1735 947 autem
1760 882 1983 946 iisdem
2011 880 2404 966 temporibus
2427 881 2473 941 J
2477 903 2622 943 esus

714 985 960 1072 sapiens
1012 986 1130 1062 vir,
1181 985 1230 1048 si
1277 999 1486 1049 tamen
1539 988 1751 1048 virum
1801 1006 1945 1046 eum
1995 981 2316 1068 appellare
2363 982 2461 1044 fas
2504 994 2619 1045 est.

715 1089 874 1152 Erat
934 1089 1102 1152 enim
1165 1086 1543 1152 mirabilium
1605 1108 1871 1172 operum
1931 1084 2208 1163 effector,
2267 1083 2619 1170 doctorque

712 1190 1042 1254 hominum
1077 1212 1320 1266 eorum,
1347 1190 1459 1275 qui
1492 1189 1763 1252 libenter
1792 1211 1941 1274 quae
1966 1210 2110 1250 vera
2140 1203 2291 1250 sunt
2322 1186 2618 1261 audiunt,

710 1306 776 1357 et
809 1293 1044 1357 multos
1074 1292 1335 1379 quidem
1365 1295 1406 1357 J
1411 1291 1767 1367 udaeorum,
1800 1290 2036 1354 multos
2078 1290 2271 1354 etiarn
2303 1312 2382 1352 ex
2416 1290 2618 1372 genti-

708 1394 834 1458 bus
875 1395 992 1459 sibi
1038 1395 1351 1478 adjunxit.
1414 1394 1712 1459 Christus
1756 1394 1859 1456 hic
1904 1405 2057 1457 erat.
2120 1393 2318 1454 Hunc
2360 1415 2617 1457 accusa-

705 1497 883 1561 tione
913 1497 1266 1582 primorum
1297 1509 1526 1559 nostrae
1557 1495 1767 1580 gentis
1798 1495 2104 1570 virorum,
2137 1516 2334 1577 quum
2369 1495 2615 1559 Pilatus

706 1598 771 1662 in
805 1621 1054 1661 crucem
1088 1596 1405 1681 agendum
1437 1620 1571 1660 esse
1609 1597 2011 1674 decrevisset,
2042 1617 2164 1658 non
2196 1594 2614 1682 deseruerunt

705 1723 854 1766 eum
881 1701 971 1776 hi,
996 1699 1106 1786 qui
1133 1700 1214 1762 ab
1239 1699 1424 1762 initio
1446 1721 1589 1761 eum
1618 1697 1990 1762 dilexerant.
2056 1699 2383 1783 Apparuit
2403 1710 2612 1762 autem

705 1802 812 1865 die
840 1802 929 1865 eis
973 1801 1161 1865 tertia
1189 1802 1419 1865 iterum
1463 1800 1667 1875 vivus,
1702 1799 2047 1863 secundum
2089 1797 2267 1884 quod
2308 1798 2614 1865 divinitus

704 1902 994 1989 inspirati
1035 1901 1388 1989 prophetae,
1422 1900 1519 1963 vel
1567 1901 1725 1980 haec,
1755 1901 1852 1964 vel
1885 1900 2008 1964 alia
2051 1900 2130 1964 de
2160 1925 2235 1964 eo
2280 1901 2616 1966 innumera

703 2004 1010 2070 miracula
1043 2003 1262 2068 futura
1293 2027 1426 2067 esse
1472 2003 1923 2089 praedixerant.
2003 2003 2124 2067 Sed
2158 2018 2221 2067 et
2266 2002 2329 2066 in
2363 2002 2612 2067 hodier-

705 2127 857 2168 num
892 2105 1058 2169 diem
1094 2105 1625 2185 Christianorum,
1658 2109 1768 2191 qui
1798 2104 1880 2168 ab
1924 2129 1999 2168 eo
2039 2105 2392 2191 nuncupati
2436 2118 2605 2183 sunt,

704 2217 769 2269 et
801 2228 1027 2271 nomen
1059 2218 1416 2292 perseverat
1445 2217 1509 2269 et
1539 2228 1763 2290 genus·

794 2477 951 2562 Cap.
992 2484 1086 2542 10.
1133 2475 1238 2542 De
1283 2481 1685 2562 Vespa-viana,
1715 2482 1829 2560 qui
1858 2480 2163 2542 claudum
2196 2487 2258 2543 et
2287 2502 2519 2544 caecum

1381 2603 1643 2644 curasse
1672 2584 1927 2662 legitur.

789 2714 1263 2779 VESPASIANCM
1295 2736 1555 2799 quoque
1596 2713 1643 2774 J
1647 2712 1851 2776 udoeae
1896 2724 2304 2788 vastatorem,
2337 2726 2632 2799 patrem..v

701 2838 827 2900 que
871 2816 1034 2891 Titi,
1067 2816 1656 2899 Hierosolymorum
1691 2814 1955 2900 piissimi
1985 2815 2314 2891 eversoris,
2349 2830 2420 2879 ut
2461 2819 2598 2903 qui-

697 2913 968 2979 busdam
1016 2915 1431 3000 scriptoribus
1473 2914 1742 2998 placuit,
1785 2913 2254 2991 miraculorum,
2290 2915 2483 3000 signis
2522 2919 2606 2981 ad

693 3015 1048 3078 faciendam
1092 3016 1436 3080 vindictam
1470 3016 1532 3078 in
1578 3015 1963 3090 nationibuS‚
1998 3016 2119 3079 Dei
2164 3017 2408 3101 digitus
2436 3022 2605 3083 exci-

692 3117 880 3183 tavit.
961 3118 1183 3201 Ipsum
1218 3139 1492 3201 namque
1523 3117 1790 3180 necdum
1830 3118 2313 3203 Imperatorem,
2341 3120 2601 3205 quidam

692 3241 729 3282 e
788 3216 975 3305 plebe
1044 3217 1395 3283 luminibus
1458 3220 1745 3296 orbatus,
1791 3220 2075 3303 itemque
2134 3219 2295 3284 alius
2345 3221 2607 3288 claudus

692 3342 880 3384 crure
902 3320 1152 3396 debilis,
1179 3320 1498 3385 sedentem
1533 3344 1648 3407 pro
1683 3321 1987 3386 tribunali
2019 3321 2256 3407 pariter
2285 3323 2603 3403 adierunt,

691 3433 947 3485 orantes
974 3443 1159 3507 opem
1203 3420 1576 3498 valetudini,
1608 3445 1685 3485 eo
1724 3421 1897 3507 quod
1932 3420 2050 3485 sibi
2093 3421 2257 3487 foret
2286 3423 2349 3486 in
2387 3424 2605 3511 quiete

692 3536 1139 3598 monstratum,
1171 3520 1388 3585 oculos
1418 3522 1872 3598 restituend08‚
1894 3525 1943 3587 si
1975 3544 2083 3587 eos
2104 3522 2212 3586 ille
2241 3523 2601 3610 inspiceret,

691 3635 757 3688 et
798 3645 947 3688 crus
990 3623 1183 3687 debili
1229 3623 1685 3702 roborandum,
1718 3623 1768 3688 si
1812 3623 1974 3688 illud
2022 3624 2396 3711 dignaretur
2434 3627 2603 3692 calce

691 3726 1081 3809 contingere.
1145 3726 1497 3791 Orantibus
1527 3726 1765 3806 amicis,
1783 3727 2026 3791 invitus
2058 3726 2223 3804 licet,
2250 3742 2601 3815 utrumque

691 3828 1001 3901 tentavit;
1051 3851 1164 3890 nec
1193 3827 1401 3892 defuit
1432 3842 1713 3893 eventus.
1792 3829 2143 3915 Imperium
2176 3854 2434 3917 quoque
2463 3833 2603 3916 ejus

691 3942 755 3994 et
791 3928 1088 3992 interitus
1119 3928 1358 3992 Vitellii
1400 3943 1462 3993 et
1497 3931 1794 4010 Othonis,
1821 3928 1937 4016 qui
1976 3929 2146 3994 saedo
2179 3930 2417 3994 Neroni
2464 3953 2600 3995 suc·

688 4044 1024 4110 cesserant,
1075 4029 1371 4116 pluribus
1427 4030 1781 4096 coelestium
1843 4032 2037 4117 signis
2098 4030 2603 4124 praenunciatum

689 4142 808 4206 est,
841 4141 904 4193 et
935 4153 1056 4215 pro
1086 4142 1266 4216 parte
1297 4131 1644 4216 stupendis·
2022 4132 2031 4142 ”
