3309 5309
219 652 290 698 ose.
305 635 427 717 xv111.]·
568 648 821 702 ronrcasrrcus.
1133 647 1173 702 97

221 802 407 888 simpliciter
426 806 596 892 conjuncta
617 805 790 892 disjungat,
805 828 867 870 non
891 807 993 870 inanis
1016 808 1076 871 erit
1096 829 1170 871 con·

218 904 335 988 ceptio,
358 929 431 990 quse
454 907 553 972 totius
579 907 831 992 investigationis
853 904 1015 993 sapientiae
1041 909 1171 993 expedi·

221 1006 370 1071 tissimam
384 1010 468 1092 parit
484 1009 578 1073 viam.
614 1010 679 1073 Hic
693 1023 740 1073 est
752 1009 835 1073 enim
848 1012 946 1074 totius
962 1008 1172 1095 philosophiae

217 1107 478 1189 instrumentum,
514 1111 600 1196 quod
637 1123 670 1175 et
709 1124 845 1176 mentem
884 1112 965 1175 mira
993 1110 1171 1175 subtilitate

218 1210 358 1287 exacuit,
386 1223 418 1274 et
445 1234 494 1274 res
522 1211 664 1296 singulas
689 1235 709 1275 a
735 1235 767 1275 se
792 1211 927 1275 invicem
954 1225 1076 1277 natnrae
1102 1235 1170 1277 suae

216 1313 412 1398 proprietate
425 1312 606 1397 distinguit.
652 1313 685 1377 Si
700 1314 934 1378 abstrahentem
951 1314 1060 1379 tuleris
1079 1314 1171 1380 intel-

215 1413 349 1491 lectum,
364 1413 540 1478 liberalium
557 1415 673 1479 artium
695 1414 818 1478 officina
832 1415 962 1501 peribit,
978 1438 1073 1500 quum
1090 1417 1171 1481 citra

214 1514 317 1601 ipsius
347 1538 476 1601 operam
502 1516 589 1580 nulla
614 1539 722 1580 earum
750 1517 809 1580 rite
835 1516 945 1580 haberi
972 1518 1086 1596 valeat,
1113 1530 1169 1582 aut

214 1616 331 1681 doceri.
378 1617 442 1680 Hic
457 1617 564 1703 itaque
580 1618 661 1681 sicut
677 1618 809 1681 formam
830 1618 895 1681 sine
913 1618 1055 1695 materia,
1071 1620 1116 1683 sic
1136 1632 1168 1684 et

212 1720 378 1782 materiam
401 1717 588 1802 aggreditur
612 1723 680 1782 sine
700 1719 821 1792 forma;
857 1732 887 1782 et
912 1719 1000 1805 quod
1028 1720 1165 1805 propriae

216 1818 346 1882 virtutis
375 1820 518 1904 potentia
548 1832 655 1884 tenere
683 1841 745 1882 non
777 1818 903 1898 sufficit,
935 1842 993 1883 sno
1027 1819 1168 1904 quodam

215 1921 343 1985 delectu
360 1919 521 1984 interdum
536 1919 787 2005 comprehendit,
801 1932 838 1984 ut
855 1920 880 1983 si
897 1918 1066 1985 videantur
1082 1933 1169 1984 tene-

216 2023 284 2087 brae
298 2044 359 2084 non
373 2020 521 2100 videndo,
532 2033 565 2085 et
581 2044 642 2085 non
659 2021 818 2084 audiendo
832 2020 994 2085 silentium
1006 2021 1165 2086 audiatur.

216 2125 302 2187 Ecce
316 2144 379 2187 non
395 2136 442 2187 est
463 2122 557 2187 homo
576 2126 634 2209 qui
654 2144 716 2186 non
738 2122 778 2186 sit
799 2121 903 2199 albus,
918 2136 975 2186 aut
996 2123 1095 2207 niger,
1111 2138 1167 2188 aut

216 2225 312 2289 medii
338 2225 449 2289 coloris
474 2224 649 2311 particeps,
672 2247 728 2288 nec
754 2237 860 2311 potest
886 2247 953 2288 esse
979 2223 1085 2302 homo,
1108 2225 1166 2312 qni

215 2348 279 2389 non
301 2328 408 2391 statim
421 2326 460 2391 sit
476 2326 591 2412 aliquis
604 2327 709 2403 homo,
726 2349 824 2411 quum
843 2326 926 2390 idern
944 2327 984 2391 sit
996 2325 1090 2391 alicui
1101 2350 1169 2392 esse

214 2439 247 2492 et
276 2448 374 2491 unum
404 2450 537 2491 numero
566 2451 641 2491 esse.
687 2433 902 2492 Veruntamen
934 2432 978 2492 sic
1007 2429 1166 2492 hominem

212 2528 394 2593 intellectus
410 2529 550 2613 attingit,
564 2546 599 2592 ut
615 2529 654 2592 ad
671 2527 828 2593 neminem
845 2530 1005 2593 hominem
1020 2543 1167 2615 aspectus

215 2630 303 2694 illins
325 2630 504 2710 descendat,
525 2629 716 2715 generaliter
742 2631 880 2707 intuens,
903 2630 990 2715 quod
1017 2653 1079 2694 non
1107 2631 1166 2694 nisi

214 2732 418 2816 singulariter
439 2755 505 2795 esse
527 2744 642 2816 potest.
688 2731 777 2795 Sicut
798 2731 882 2794 enim
902 2730 1028 2794 dicendi
1047 2743 1078 2795 et
1103 2732 1166 2815 sig·

211 2833 373 2912 nilicandi,
403 2834 447 2896 sic
476 2846 508 2897 et
537 2831 733 2916 intelligendi
764 2833 942 2910 diversitas,
973 2832 1165 2897 subsistendi

213 2935 325 2999 modos
341 2935 391 2997 sui
406 2935 633 2998 numerositate
648 2935 855 3011 transcendit,
870 2947 901 2998 et
918 2934 1013 2996 horno
1028 2937 1086 3018 qui
1102 2955 1164 2997 non

211 3046 318 3120 potest
354 3032 413 3095 nisi
449 3032 652 3115 singulariter
685 3055 761 3111 esse,
796 3032 967 3096 universali
1002 3031 1165 3097 clauditur

211 3133 329 3199 mentis
343 3132 554 3216 conceptione.
594 3132 718 3196 Diffinit
734 3155 810 3217 ergo
826 3133 907 3197 ratio
923 3134 1012 3218 quod
1027 3132 1166 3219 concipit

210 3234 404 3308 intellectus,
428 3230 542 3294 animal
565 3230 717 3294 rationale
740 3231 883 3314 mortale,
909 3232 996 3317 quod
1022 3231 1055 3295 in
1082 3233 1164 3297 solos

212 3335 358 3401 subditos
378 3334 501 3414 cadere,
520 3333 637 3396 nemini
657 3345 741 3396 recte
764 3334 954 3419 sapientium
977 3335 1165 3419 ambiguum

211 3451 269 3504 est.
325 3440 413 3501 Dum
440 3439 550 3521 itaque
576 3457 680 3498 reruni
718 3435 941 3499 similitudines
966 3448 998 3500 et
1025 3435 1163 3500 dissimi-

210 3538 364 3606 litudines
392 3538 527 3623 colligit,
557 3536 634 3601 dum
672 3537 887 3602 differentium
913 3538 1164 3617 convenientias,

210 3657 243 3708 et
283 3638 767 3706 convenientium·differentias
801 3637 897 3703 altius
931 3651 1163 3725 perscrutatur,

209 3745 289 3808 dum
315 3742 396 3828 quid
427 3740 550 3825 singula
579 3762 649 3805 cum
680 3740 839 3824 pluribuS,
875 3740 954 3826 quid
983 3764 1055 3804 cum
1086 3763 1165 3826 pau-

210 3845 350 3910 cioribus
386 3865 553 3907 commune
587 3842 736 3920 habeant,
768 3842 955 3927 diligentius
985 3843 1166 3928 investigat,

207 3970 323 4034 quaeve
352 3947 447 4010 rebus
472 3944 605 4029 singulis
630 3944 741 4007 adesse
772 3965 897 4008 necesse
927 3946 981 4024 sit,
1004 3969 1078 4032 quae
1107 3945 1162 4008 ab·

209 4073 278 4116 esse
300 4071 362 4113 non
386 4048 523 4133 possint,
544 4045 756 4133 perspicacius
782 4047 1025 4133 contemplatur,
1047 4045 1166 4108 multos

209 4149 297 4238 apud
321 4172 353 4212 se
375 4171 483 4212 rernm
506 4147 629 4211 invenit
652 4160 764 4225 status,
787 4147 864 4211 alios
886 4148 1016 4232 quidem
1041 4146 1164 4207 univer-

210 4254 302 4327 sales,
328 4248 408 4312 alios
434 4247 621 4334 singulares.
668 4249 755 4323 Quos
780 4268 839 4331 pro
866 4247 997 4311 arbitrio
1024 4267 1081 4307 suo
1111 4242 1164 4304 de-

258 4372 333 4418 VOL.
350 4372 401 4416 111.
681 4369 705 4410 Η
