3309 5309
478 674 536 733 106
718 686 855 731 sonuum
870 687 1152 732 sanusnunmusrs
1287 671 1373 750 [mn.
1390 691 1427 736 11.

472 836 672 901 institutione
688 840 760 911 Dei,
776 850 808 901 et
824 846 947 901 naturae
963 837 1125 912 beneficio,
1148 839 1294 925 quaedam
1316 840 1429 904 futura

472 938 570 1024 signis
584 939 793 1023 praeveniunt.
818 939 852 1002 Si
863 939 964 1025 igitur
972 939 1111 1004 coelestia
1123 940 1213 1024 signa
1222 954 1296 1006 sunt
1308 964 1427 1019 rerum,

473 1064 547 1126 quae
569 1039 681 1126 procul
700 1040 800 1104 dubio
811 1054 955 1105 venturoe
975 1053 1050 1106 sunt
1066 1043 1248 1123 necessario,
1257 1065 1359 1128 quum
1375 1066 1429 1109 eas

473 1142 681 1206 immutabilis
702 1139 868 1227 dispositio
890 1143 1097 1224 ordinaverit,
1120 1144 1198 1229 quid
1221 1143 1373 1230 prohibet
1388 1167 1427 1209 ea

473 1267 546 1329 quae
561 1246 735 1308 eoelestium
745 1242 1006 1329 praenunciantur
1019 1242 1136 1305 indicio
1152 1243 1225 1308 sciri
1240 1244 1282 1308 ab
1298 1243 1425 1307 homine

473 1357 505 1409 et
521 1344 639 1408 homini
654 1343 788 1408 invicem
812 1343 972 1408 indicari?
997 1344 1096 1427 Signa
1118 1342 1276 1429 siquidem
1291 1342 1426 1406 homini-

473 1448 534 1510 bus
548 1446 624 1511 datu
635 1446 760 1512 suntad
775 1445 999 1521 eruditionem,
1012 1465 1074 1506 non
1086 1442 1160 1521 illis,
1175 1444 1231 1528 qui
1246 1443 1424 1508 coelestium

421 1630 423 1635 Ι
472 1547 585 1612 conscii
602 1560 792 1612 secretorum
810 1544 907 1609 nullis
921 1544 1066 1629 indigent
1082 1539 1189 1628 signis.

473 1843 552 1927 Cap.
570 1847 621 1904 20.
646 1841 739 1914 Quod
749 1839 958 1922 providentia
977 1840 1042 1902 Dei
1057 1859 1165 1902 rerum
1187 1845 1347 1902 naturam
1361 1858 1425 1902 non

511 1943 653 2023 perimit,
667 1962 770 2021 neque
783 1943 880 2004 serica
894 1960 1004 2003 rerum
1018 1942 1167 2004 immutat
1174 1939 1424 2022 providentiam,

515 2050 546 2106 et
561 2043 647 2123 quod
659 2044 792 2136 liberum
807 2043 976 2104 arbitrium
991 2049 1100 2105 manet
1113 2063 1186 2106 cum
1198 2043 1415 2124 prouidentia.

515 2244 720 2306 Pnounuinm
735 2240 866 2325 quidem
882 2254 955 2304 suut
971 2242 1050 2318 haec,
1067 2264 1140 2326 quae
1157 2253 1352 2326 proponunt,
1366 2239 1421 2304 sed

472 2357 577 2406 tamen
593 2363 748 2406 venenum
765 2341 815 2405 hic
832 2341 891 2405 sub
906 2343 998 2406 melle
1012 2342 1099 2408 latet.
1145 2343 1290 2407 Fatalem
1306 2342 1422 2407 etenim

471 2443 633 2529 quandam
649 2446 864 2512 necessitatem
880 2446 975 2509 rebus
992 2444 1161 2530 imponunt
1177 2445 1237 2508 sub
1262 2454 1422 2528 proetextu

472 2544 659 2610 humilitatis
674 2557 705 2609 et
716 2545 900 2609 reverentiae
917 2547 988 2622 Dei,
1005 2546 1152 2610 timentes
1167 2569 1207 2610 ne
1221 2545 1307 2609 forte
1323 2545 1422 2630 ipsius

470 2660 645 2712 evacuetur
667 2646 843 2732 dispositio,
875 2647 933 2711 nisi
957 2670 1063 2711 rerum
1093 2659 1225 2711 eventus
1254 2647 1420 2710 necessitas

470 2748 649 2814 comitetur.
696 2747 856 2813 Praeterea
879 2746 1082 2832 privilegium
1107 2746 1223 2810 divinae
1251 2745 1431 2832 majestatis·

470 2849 665 2936 irrumpunt,
681 2848 844 2914 scientiam
866 2848 1080 2926 vendicantes,
1095 2871 1161 2934 qua
1184 2860 1329 2933 tempora
1342 2868 1423 2932 prae·

470 2951 599 3016 videant
614 2964 645 3016 et
662 2968 832 3026 momenta,
842 2972 917 3035 quae
932 2949 988 3012 filii
1004 2948 1194 3030 testimonio,
1209 2948 1310 3034 patris
1324 2969 1421 3011 reser-

470 3066 545 3117 vata
560 3065 633 3118 sunt
656 3052 818 3139 potestati,
840 3052 920 3115 adeo
939 3051 1069 3137 quidem
1096 3063 1130 3115 ut
1151 3048 1339 3114 abscondita
1363 3048 1423 3114 sint

470 3152 511 3216 ab
522 3153 621 3217 oculis
636 3176 759 3229 eorum,
768 3152 888 3237 quibus
899 3151 961 3216 Dei
974 3150 1059 3214 filius
1068 3173 1270 3236 quaecunque
1280 3149 1421 3214 audierat

469 3268 592 3340 apatre
613 3255 774 3341 patefecit.
819 3253 947 3317 Deinde
969 3267 1090 3316 mentes
1112 3252 1277 3316 hominum
1300 3265 1423 3316 tumore

470 3355 614 3419 elationis
635 3355 806 3433 extollunt,
830 3367 887 3418 aut
910 3351 1137 3438 desperationis
1161 3352 1424 3437 pusillanimitate

469 3467 685 3539 prosternunt,
707 3455 784 3518 dum
808 3455 858 3519 vel
882 3455 978 3519 vitam
1001 3454 1199 3534 diuturnam,
1223 3467 1281 3520 aut
1311 3453 1424 3518 mundi

469 3577 621 3641 prospera
630 3555 817 3642 dejiciendis
828 3557 1033 3643 promittunt,
1043 3555 1094 3619 vel
1105 3579 1122 3619 e
1133 3569 1244 3620 contra
1256 3557 1421 3621 imminen-

471 3659 517 3719 tia
525 3655 605 3734 fata,
614 3672 670 3722 aut
683 3658 779 3722 seculi
795 3657 929 3722 adversa
941 3656 1282 3742 minanturerigendis.
1329 3660 1425 3724 Certe
1457 3675 1461 3681 ·

470 3757 661 3840 superiorem
678 3759 811 3838 timoris,
823 3757 874 3822 vel
885 3759 1067 3822 inferiorem
1082 3759 1149 3844 spei
1164 3758 1293 3840 molam,
1302 3757 1423 3843 quibus

470 3856 573 3920 fidelis
583 3859 688 3922 anima
699 3860 731 3923 in
743 3883 815 3924 area
821 3860 935 3925 mundi
946 3861 1072 3936 teritur,
1083 3860 1194 3924 tollere
1201 3860 1424 3946 prohibentur.

471 3958 607 4023 Tollunt
623 3972 727 4024 tamen
750 3962 863 4025 tamin
887 3985 988 4041 suam,
1003 3975 1035 4025 et
1055 3961 1214 4026 clientulae
1237 3983 1304 4025 suae
1319 3960 1423 4047 perni-

468 4061 560 4140 ciem,
569 4082 665 4143 quam
675 4060 709 4122 in
718 4060 941 4125 contumeliam
951 4063 1160 4143 prohibentis.
1206 4066 1328 4126 Verum
1340 4060 1422 4124 sicut

468 4163 563 4226 series
585 4185 691 4227 rerum
715 4161 776 4227 Dei
799 4160 1030 4247 providentiam
1053 4187 1116 4228 non
1138 4164 1300 4241 immutat,
1324 4163 1420 4227 sicet

467 4276 587 4331 aeterna
601 4263 777 4351 dispositio,
793 4287 898 4328 rerum
910 4277 1054 4330 naturam
1072 4289 1134 4331 non
1146 4265 1283 4351 perimit.
1307 4266 1421 4351 Neque
