3309 5309
356 651 416 710 192
612 665 748 710 Joaums
765 665 1045 710 saansaanrausrs
1158 649 1240 728 [arn.
1256 670 1305 715 nr.

271 840 273 844 ’
354 822 458 903 gentis
493 829 526 882 ct
560 819 678 880 urentis
713 817 922 882 conscientiae
954 818 1085 893 stimuli,
1122 819 1307 884 meticulosa

354 921 451 985 corda
465 920 664 998 concutiunt,
679 929 710 980 et
730 919 925 1002 praecipuam
941 918 975 981 in
991 919 1141 982 omnibus
1156 920 1220 982 sibi
1235 943 1306 983 ren-

354 1023 462 1086 dicant
473 1021 702 1084 auctoritatem.
734 1020 825 1082 Adeo
838 1018 979 1102 quidem,
989 1031 1024 1082 ut
1036 1020 1221 1084 sacerdotes
1229 1023 1305 1103 legis

354 1125 469 1187 divina
499 1131 663 1207 praeeepta
695 1120 908 1198 dissimulent,
938 1121 1129 1202 sapientiam
1163 1123 1305 1185 nesciant

354 1226 505 1300 seniores,
514 1222 597 1307 juris
612 1221 652 1284 sit
661 1221 767 1304 judex
787 1222 930 1303 ignarus,
944 1223 1095 1305 praelatus
1111 1225 1305 1286 auctoritatis

354 1324 494 1399 nescius,
516 1321 697 1404 disciplinae
724 1321 899 1405 subjectus,
920 1322 1100 1385 libertatem
1124 1333 1305 1386 contemnat

353 1425 520 1505 ingenuus,
535 1432 620 1484 totus
642 1420 781 1502 denique
803 1422 943 1503 populus
966 1421 1104 1504 quietern
1128 1436 1161 1484 et
1184 1444 1303 1505 pacem.

353 1526 441 1587 Dum
457 1524 541 1587 enirn
563 1542 673 1584 omnes
694 1522 788 1583 unius
809 1522 1010 1605 praesidentis
1026 1523 1189 1587 voluntate
1206 1525 1303 1586 ferun·

354 1635 413 1702 tur,
425 1623 562 1687 universi
578 1634 611 1686 et
626 1622 742 1702 singuli
758 1643 816 1684 suo
833 1623 995 1705 privantur
1010 1623 1151 1686 arbitrio.
1189 1627 1302 1687 Nonne

354 1727 423 1790 haec
440 1735 507 1790 erat
521 1725 621 1787 facies
636 1724 797 1807 temporis,
815 1724 945 1808 quando

632 1838 729 1891 Sedere
743 1846 827 1909 patres
840 1856 945 1891 censere
956 1841 1049 1910 parati,

459 1924 488 1977 Si
499 1942 617 1993 reguum,
629 1925 650 1975 si
663 1923 761 1995 templa
773 1929 855 1995 petat,
864 1924 1037 1996 jugulumque
1049 1930 1165 1991 senatuS,

458 2008 635 2076 Passurasque
645 2007 752 2059 infanda
763 2025 855 2059 nurus:

353 2134 456 2197 eoque
471 2114 539 2175 solo
554 2115 637 2175 bene
661 2134 734 2176 cum
750 2113 875 2176 civibus
889 2126 995 2176 actum
1020 2122 1079 2188 est,
1095 2113 1184 2195 quod
1201 2113 1302 2176 Caesar

353 2217 445 2299 plura
460 2215 575 2298 jubere
596 2215 732 2292 erubuit,
747 2237 842 2298 quam
864 2217 970 2279 Roma
989 2214 1080 2300 pati?
1120 2217 1238 2278 Nonne
1258 2223 1302 2298 ty·

352 2316 443 2378 ranni
464 2315 585 2398 opinio,
601 2315 641 2378 ad
663 2315 839 2397 tyrannidis
858 2318 984 2381 transiit
1003 2338 1215 2394 successores,
1230 2317 1302 2379 dum

353 2413 1192 2500 suspicantur,quodlegesasemaluittolli,quamab
1201 2418 1301 2479 humi·

353 2517 439 2580 libus
460 2516 643 2578 observari?
673 2516 706 2577 in
723 2537 827 2600 eoque
849 2518 1007 2582 libertatis
1023 2531 1164 2581 servatur
1186 2520 1303 2594 umbra,

352 2617 379 2680 si
395 2639 429 2680 se
445 2618 580 2702 quisque
595 2617 681 2700 quod
701 2619 885 2702 praecipitur
906 2621 1032 2683 simulat
1046 2620 1199 2696 voluisse,
1215 2619 1301 2683 lacit·

352 2742 426 2803 que,
443 2722 507 2782 imo
524 2719 648 2783 videtur
661 2721 775 2798 faeere,
792 2720 832 2783 de
848 2723 1037 2785 necessitate
1054 2722 1213 2795 virtutem,
1229 2720 1302 2783 durn

352 2819 535 2882 necessitati
555 2819 664 2902 jungit
684 2841 888 2894 consensum,
905 2834 937 2884 et
957 2821 1043 2905 quod
1064 2820 1224 2884 incumbit
1238 2841 1303 2902 gra·

351 2931 454 2984 tanter
482 2921 694 3002 amplectitur.
745 2922 812 2984 Hic
843 2943 937 3005 porro
966 2924 1063 2985 nullae
1094 2933 1170 2985 suut
1198 2932 1300 3005 partes

351 3042 443 3097 verae,
458 3031 512 3085 aut
532 3020 681 3101 ingenuae
702 3021 868 3100 libertatis,
885 3024 939 3085 ubi
960 3033 1063 3086 toturn
1082 3023 1144 3085 sibi
1166 3022 1301 3085 adulatio

351 3122 508 3199 vendicat,
524 3121 645 3184 vanitas
668 3133 780 3197 toturn,
802 3122 947 3207 nihilque
963 3123 1086 3186 veritati
1108 3122 1301 3206 relinquitur,

351 3231 408 3286 aut
433 3221 549 3286 virtuti.
594 3221 823 3286 Adulationem
849 3245 922 3286 vero
948 3225 1017 3287 sine
1042 3224 1119 3288 dolo
1143 3246 1213 3288 esse
1239 3243 1302 3284 non

350 3323 487 3401 dubites,
498 3344 598 3404 quum
610 3324 642 3386 in
655 3323 853 3386 adulatorum
868 3345 1005 3407 persona
1016 3325 1057 3389 de
1067 3346 1101 3388 se
1111 3325 1299 3388 confiteatur

350 3423 467 3498 Gnato,
491 3423 566 3505 quia
587 3443 685 3506 quum
713 3425 854 3487 maxime
878 3424 1006 3509 decipio
1029 3434 1105 3489 tuno
1128 3425 1297 3509 triumpho.

350 3522 441 3584 Sicut
469 3523 554 3584 enim
586 3525 658 3587 finis
688 3525 821 3588 oratoris
851 3537 900 3588 est
925 3526 1120 3609 persuasisse
1148 3526 1298 3598 dictione,

349 3621 467 3685 medici
482 3645 607 3687 curasse
626 3625 804 3702 medicina3
827 3626 873 3689 sic
890 3626 1063 3690 adulatoris
1078 3626 1154 3690 finis
1168 3637 1218 3691 est
1231 3619 1298 3688 sua·

350 3721 490 3805 viloquio
506 3721 680 3807 decepisse.
726 3726 810 3787 Nam
827 3738 860 3791 et

454 3835 557 3889 Fistula
568 3836 641 3890 dulce
653 3840 731 3903 canit,
743 3839 873 3892 volucrem
885 3841 946 3894 dum
958 3841 1055 3911 decipit
1066 3859 1178 3912 auceps:

348 3935 393 3998 Et
416 3953 538 3995 venena
559 3935 766 4015 propinantur
789 3939 883 4001 melle
907 3939 1095 4016 circumlita,
1119 3959 1184 4021 quo
1207 3936 1298 4002 citius

348 4044 495 4099 noceant.
541 4035 658 4096 Verum

453 4139 515 4193 Non
527 4144 568 4192 est
579 4139 606 4191 in
618 4139 717 4192 medico
732 4158 834 4214 semper
845 4145 977 4198 relevetur
987 4152 1017 4198 at
1028 4118 1108 4214 aeger,

344 4250 376 4305 et
396 4240 494 4302 finem
516 4257 608 4299 suum
631 4236 687 4318 qui
708 4236 741 4298 in
765 4239 863 4302 altero
883 4253 942 4318 est,
956 4252 1062 4305 orator
1082 4263 1150 4305 non
1172 4261 1294 4326 semper
