3309 5309
346 660 408 717 272
592 665 729 711 scaurus
744 665 1025 710 saaasuunrnusrs
1170 646 1252 726 [ora.
1267 667 1298 709 v.

347 842 427 907 quas
443 821 475 882 in
490 816 567 881 orbe
582 829 613 881 et
629 819 707 882 urbe
723 815 837 902 passim
854 815 962 892 hahet,
978 838 1089 902 rupem
1106 815 1201 880 etiam
1219 818 1299 881 Tar·

346 922 448 1009 peiam
461 918 676 1005 occupaverit,
689 939 839 1003 supremo
850 920 871 980 J
875 918 926 982 ovi
936 932 1110 1004 coaequata,
1120 930 1153 982 et
1164 918 1299 1004 publicae
1334 931 1339 989 ζ

345 1024 483 1089 fortunae
495 1025 602 1108 imago
613 1043 709 1085 aurea
721 1020 752 1083 in
766 1019 928 1106 Capitolio
939 1021 981 1084 ab
989 1019 1132 1096 advenis,
1144 1020 1299 1096 convenis,

346 1139 379 1191 et
398 1125 566 1210 indigenis,
582 1122 710 1209 publice
730 1122 892 1203 adoretur,
906 1135 939 1187 et
959 1132 1079 1186 tantam
1095 1145 1164 1209 praa
1181 1123 1300 1188 caeten‘s

347 1228 444 1295 habet
466 1226 699 1300 auctoritatem,
716 1224 802 1310 quod
825 1224 857 1286 in
881 1236 950 1288 tota
972 1223 1094 1288 ratione
1116 1224 1296 1289 mortalium

347 1332 396 1411 (ut
411 1328 474 1393 dici
490 1327 580 1408 solet)
593 1326 659 1390 sola
675 1340 845 1412 utramque
856 1326 1003 1413 paginam
1021 1325 1150 1391 videtur
1161 1326 1298 1413 implere.

347 1431 464 1500 Videas
479 1453 546 1494 eam
559 1429 604 1493 ihi
619 1440 689 1492 rota
702 1449 827 1491 versare
838 1427 1022 1504 volubilem,
1034 1429 1188 1514 quodque
1200 1431 1298 1515 magis

347 1535 472 1609 mirere,
488 1531 631 1619 ejusdem
646 1542 727 1596 rotae
747 1530 886 1615 impulsu
904 1530 944 1593 de
963 1543 1092 1616 pectore
1107 1531 1203 1594 Jovis
1218 1553 1299 1595 soro

347 1660 419 1702 rum
440 1660 538 1723 pensa
557 1634 750 1723 praecipitat,
773 1645 805 1697 et
827 1633 1004 1698 conculcat.
1043 1633 1197 1719 Quisquis
1220 1636 1299 1699 enim

346 1739 508 1805 fortunam
527 1736 650 1816 statuit,
665 1735 730 1799 fata
745 1734 934 1819 precipitat,
950 1747 982 1799 et
997 1734 1158 1799 convellit.

454 1903 521 1955 Fata
529 1903 629 1971 (inquit
639 1901 756 1971 Stoicus)
765 1906 859 1969 regunt
870 1899 1087 1964 homiuea,fatum
1096 1908 1137 1954 est
1148 1904 1175 1955 in
1187 1904 1299 1974 partibus

453 2073 528 2134 Quas
539 1986 766 2126 sirildlsshbscondit.

348 2225 436 2290 Huic
446 2224 615 2309 paradoxae
627 2225 816 2301 Stoicorum,
828 2224 912 2311 nogia
921 2223 987 2302 δόξα
996 2225 1132 2310 Epicuri
1142 2226 1298 2293 reclamat.

348 2324 503 2400 Fatalem,
519 2324 636 2407 inquit,
653 2325 728 2389 tolle
744 2332 975 2408 necessitatem,
991 2327 1076 2413 quia,

451 2490 480 2542 Si
491 2489 593 2543 fortuna
605 2489 682 2556 volet,
694 2491 744 2545 fies
756 2493 788 2545 de
799 2494 902 2547 rhetore
916 2495 1029 2558 Consul;
1070 2526 1075 2534 ,

452 2577 481 2630 Si
493 2577 563 2631 volet
573 2577 630 2631 haec
641 2579 742 2643 eadem,
754 2578 803 2633 fies
816 2581 849 2633 de
862 2581 975 2635 Consule
986 2581 1082 2635 rhetor.

350 2749 510 2812 Caeterum
541 2758 577 2810 ut
607 2769 680 2810 cum
710 2746 842 2813 fortuna
872 2747 921 2811 vel
950 2748 1059 2812 mitius
1088 2772 1234 2834 agamus,
1263 2749 1301 2813 sit

350 2849 585 2933 inopinatorum
615 2861 786 2913 eventuum
821 2851 935 2927 forma,
965 2864 997 2915 et
1027 2850 1102 2915 licet
1131 2848 1302 2914 conditioni

349 2949 496 3014 videatur
509 2949 684 3036 plurimum
700 2949 841 3028 vicinari,
852 2973 890 3013 eo
905 2950 991 3036 quod
1007 2950 1215 3016 fortuitorum
1231 2972 1302 3014 con-

346 3075 459 3118 cursus
472 3065 589 3117 statum
605 3051 729 3130 efficiat,
741 3073 838 3137 quam
850 3052 1062 3117 conditionem
1074 3077 1142 3118 esse
1153 3053 1301 3140 praedixi-

347 3177 429 3231 mus,
452 3155 484 3219 in
507 3177 545 3217 eo
570 3166 674 3218 tamen
701 3152 876 3238 plurimum
903 3154 1023 3233 differt,
1049 3155 1136 3241 quod
1163 3155 1301 3221 conditio

349 3279 432 3321 nunc
451 3279 470 3319 a
490 3268 614 3332 natura,
633 3277 717 3318 nunc
738 3255 780 3317 ab
800 3254 913 3336 officio,
930 3278 1014 3320 nuuc
1036 3280 1056 3320 a
1078 3257 1221 3321 moribus
1242 3267 1301 3334 est,

347 3381 432 3422 nunc
447 3380 466 3420 a
481 3357 575 3422 variis
591 3357 701 3442 figuris
716 3370 899 3423 eventuum.
931 3360 1077 3423 Fortuna
1092 3382 1216 3445 semper
1230 3381 1302 3422 con-

348 3458 430 3522 sistit
446 3457 477 3520 in
501 3457 550 3521 his
566 3483 639 3545 quae
663 3460 834 3545 improvisa
857 3474 1034 3546 emergunt.
1080 3462 1162 3525 Eam
1187 3483 1301 3547 usque-

347 3582 475 3646 quaque
495 3559 608 3625 nititur
624 3584 777 3625 evacuare
800 3563 1004 3642 Plutarchus,
1019 3578 1051 3628 et
1070 3585 1110 3629 ex
1134 3563 1302 3650 praemissis

346 3674 487 3746 quatuor
517 3660 604 3739 locis,
636 3674 770 3740 naturae,
800 3662 907 3742 officii,
934 3687 1071 3741 morum,
1101 3665 1302 3743 conditionis,

346 3763 443 3828 totius
458 3769 642 3830 reverentiae
664 3788 790 3829 manare
810 3767 911 3831 credit
932 3767 1098 3852 originem.
1145 3768 1302 3854 Supersti-

346 3863 457 3928 tiosius
478 3875 582 3926 tamen
599 3865 658 3928 hoc
678 3865 854 3930 infidelium
872 3890 958 3931 more
979 3869 1163 3954 exequitur.
1211 3868 1302 3936 Unde

345 3964 512 4032 nonnullas
530 3967 702 4032 sententias
720 3957 802 4053 ejus,
819 3993 911 4035 seusu
936 3984 967 4036 et
984 3994 1126 4036 sermone
1149 3970 1304 4036 catholico

350 4067 459 4133 curavi
474 4066 620 4131 inserere.
668 4067 727 4131 Ille
750 4071 879 4153 quidem
896 4071 927 4135 in
951 4070 1073 4136 cultum
1099 4069 1233 4136 deorum
1255 4092 1306 4133 eoa

346 4170 506 4258 praecipue
532 4168 641 4234 asserit
673 4172 879 4249 venerandos,
906 4173 961 4259 qui
991 4175 1021 4237 ei
1051 4171 1244 4238 familiarius
1272 4183 1302 4235 et

345 4271 478 4337 vicinius
500 4269 667 4336 accedunt.
713 4272 781 4337 Aut
809 4286 935 4350 natura,
959 4287 997 4338 ut
1020 4274 1119 4339 Liber
1145 4274 1300 4340 Indorum
