3309 5309
447 660 511 720 384
704 670 843 715 roeurus
859 668 1140 715 snausnuurnnsrs
1271 653 1353 731 [ue.
1369 674 1398 721 v,

450 835 563 890 cerunt
576 824 683 898 etalii,
696 823 749 906 qui
762 823 877 886 fertum
888 830 944 884 aut
955 821 1103 900 cicutam,
1115 821 1242 887 aliudne
1254 824 1398 887 toxicum

447 937 720 1011 praeoccupantes,
740 946 867 987 omnem
890 936 923 988 et
942 925 1042 988 solam
1066 926 1116 1004 (ut
1138 927 1312 1010 putabant)
1336 937 1398 989 tur·

448 1029 602 1113 pitudinie
617 1028 815 1108 effugiebant
830 1039 952 1090 notam.
990 1027 1138 1090 Veritatis
1153 1049 1294 1111 namque
1309 1028 1397 1107 igno·

449 1129 552 1193 rantia
566 1130 613 1193 eis
626 1129 821 1212 patrocinari
837 1129 980 1206 ridetur3
1005 1129 1064 1192 sed
1086 1151 1194 1194 crassa
1218 1140 1268 1194 est
1292 1139 1325 1194 et
1349 1152 1399 1192 su-

448 1230 535 1314 pina,
551 1251 624 1312 qum
642 1240 729 1292 certa
753 1231 920 1312 postponit
940 1230 1080 1304 incertis,
1107 1241 1140 1294 et
1164 1231 1321 1315 quicquid
1345 1232 1399 1294 ha·

448 1333 542 1396 betur
565 1333 722 1415 optimum
748 1353 912 1395 excausa
943 1331 1032 1395 inani
1057 1330 1179 1414 abjicit,
1202 1344 1234 1396 et
1259 1334 1400 1416 expellit.

449 1435 520 1497 Nec
546 1435 581 1496 in
605 1456 644 1497 eo
669 1434 862 1498 fortitudinis
887 1455 1004 1496 nomeu
1035 1434 1225 1517 assequitur,
1252 1434 1341 1516 quod
1367 1456 1399 1498 se

445 1555 511 1618 prae
538 1535 660 1598 caeteris
686 1532 887 1598 fraudulenta
913 1533 1022 1617 opinio
1047 1536 1202 1619 consequi
1239 1536 1398 1616 gloriatur.

449 1638 570 1721 Utique
586 1635 802 1699 fraudulenter
816 1645 848 1698 et
863 1656 954 1713 rane,
966 1635 1051 1719 quia,
1068 1645 1104 1698 ut
1118 1636 1162 1699 ait
1181 1638 1247 1711 ille,

553 1750 645 1803 Rebus
654 1751 681 1802 in
693 1750 809 1802 adversis
820 1749 897 1802 facile
909 1755 952 1802 est
962 1755 1128 1803 contemnere
1139 1753 1230 1817 vitam,

623 1834 728 1888 Fortius
739 1834 784 1888 ille
795 1833 859 1887 facit
870 1837 915 1904 qui
925 1837 1002 1888 miser
1013 1853 1072 1888 esse
1083 1842 1179 1907 potest.

449 1942 555 2004 Nemo
569 1961 679 2003 eorum
695 1941 750 2023 qui
766 1949 901 2003 mortem
921 1949 1098 2024 provocant
1122 1942 1320 2006 excusabilis
1345 1953 1399 2006 est

449 2041 712 2105 Excusabiliores
746 2053 832 2116 sunt,
867 2042 923 2123 qui
965 2041 1185 2105 imminentem
1221 2043 1400 2107 abhorrent.

449 2145 530 2217 Quis
550 2145 635 2207 enim
657 2145 809 2225 cognovit
830 2144 998 2208 consilium
1020 2144 1162 2218 Domini,
1179 2152 1214 2208 et
1237 2166 1277 2208 en
1302 2147 1402 2229 possit

449 2256 584 2308 mortem
611 2245 853 2327 impendentem
878 2266 1068 2328 quacunque
1091 2245 1212 2309 ratione
1237 2245 1398 2327 effugere?

448 2341 683 2406 Sandrococtue
722 2364 741 2406 a
769 2365 843 2424 rege
881 2345 1065 2408 Alexandro
1109 2346 1249 2410 interfici
1279 2347 1399 2431 jussus,

448 2445 581 2508 salutem
608 2444 770 2507 celeritate
796 2444 917 2528 pedum
945 2447 1101 2528 quaesivit.
1159 2448 1215 2510 Ex
1241 2470 1307 2531 qua
1330 2450 1398 2512 fati-

449 2546 577 2628 gatione
592 2567 691 2630 quum
707 2566 819 2608 somno
835 2557 949 2629 captus
965 2545 1101 2629 jaceret,
1117 2550 1169 2612 leo
1184 2549 1325 2629 ingentis
1340 2551 1399 2613 for·

446 2672 518 2722 mre,
542 2649 584 2712 ad
611 2648 819 2712 dormientem
843 2647 988 2724 accessit,
1013 2649 1225 2733 sudoremque
1250 2651 1399 2713 fluentem

447 2753 558 2834 lingna
572 2751 603 2814 ei
618 2749 759 2827 detersit,
778 2761 812 2813 et
836 2749 955 2812 blande
979 2751 1238 2834 expergefactum
1262 2752 1398 2835 reliquit.

448 2855 524 2917 Hoc
538 2852 696 2937 prodigio,
707 2851 844 2936 primum
859 2850 901 2913 ad
916 2872 1006 2934 spem
1021 2853 1121 2932 regni,
1138 2853 1305 2936 majestate
1321 2854 1397 2915 omi-

447 2955 499 3019 nis
513 2956 669 3037 impulsus
690 2964 748 3017 est.
792 2953 941 3017 Molienti
967 2953 1084 3016 deinde
1104 2957 1223 3018 bellum
1249 2954 1398 3017 adversus

447 3057 617 3141 praesectos
646 3053 834 3128 Alexandri,
861 3054 1051 3135 elephantus
1075 3055 1210 3118 infinitae
1240 3056 1397 3136 magnitu·

445 3155 531 3221 dinis
546 3158 629 3220 ultro
646 3177 680 3218 se
695 3155 822 3228 obtulit,
838 3164 870 3216 et
885 3155 983 3218 veluti
998 3155 1118 3219 domita
1142 3156 1397 3229 mansuetudine,

447 3280 522 3322 eum
537 3268 626 3339 tergo
642 3256 796 3339 suscepit,
811 3254 942 3338 duxque
963 3257 1052 3331 belli,
1068 3266 1101 3320 et
1125 3257 1287 3340 praeliator
1311 3268 1395 3342 post-

444 3358 577 3420 modum
601 3356 734 3439 insignis
756 3355 873 3419 extitit.
919 3355 1121 3420 Andronicus
1143 3377 1285 3439 quoque,
1309 3357 1396 3421 dam·

444 3469 539 3524 natus
560 3459 602 3522 ad
624 3459 753 3535 bestias,
775 3479 874 3540 quum
896 3459 981 3520 leoni
1004 3459 1151 3544 objectus
1171 3471 1267 3533 esset,
1289 3460 1397 3542 quiet

443 3557 636 3625 vastitudine
665 3558 816 3641 corporis,
840 3567 873 3621 et
893 3557 1016 3641 impetu
1046 3559 1179 3623 ferroris
1206 3560 1395 3643 fremituque

443 3662 593 3737 terrifico,
620 3682 736 3725 sonoro
766 3681 896 3744 quoque
927 3670 1015 3739 tono,
1040 3662 1206 3744 comisque
1237 3663 1396 3725 cervicum

444 3761 685 3839 fluctuantibus,
700 3763 825 3825 animos
841 3763 981 3824 omnium
1006 3764 1182 3845 oculosque
1203 3763 1237 3824 in
1260 3785 1295 3826 se
1319 3785 1394 3826 con·

442 3869 585 3936 verteret,
599 3861 720 3925 illaesus
742 3864 854 3939 evasit,
870 3884 908 3925 eo
931 3863 1019 3946 quod
1041 3864 1097 3925 nbi
1118 3885 1190 3926 eum
1213 3865 1265 3926 leo
1285 3862 1395 3946 procul

443 3957 818 4043 aspexitrepentequasi
828 3961 988 4024 admirans
999 3962 1269 4036 stetit‚acdeinde
1277 3965 1394 4027 sensim

442 4074 475 4126 et
496 4061 590 4146 qnasi
607 4059 815 4143 jocabundus
840 4062 969 4144 placide
994 4064 1130 4127 accessit
1156 4063 1198 4127 ad
1221 4064 1393 4126 hominem.

443 4163 528 4224 Tum
551 4159 686 4224 caudam
712 4181 799 4224 more
831 4170 927 4245 atque
954 4163 1015 4226 ritu
1038 4164 1240 4228 adulantium
1267 4184 1394 4240 canum,

443 4264 616 4325 clementer
641 4271 674 4325 et
696 4260 814 4326 blande
840 4264 948 4338 movit,
974 4264 1178 4346 hominisque
1205 4285 1239 4327 se
1268 4264 1394 4348 corpori
