3309 5309
444 644 507 701 232
706 657 843 701 Jonnnrs
860 658 1138 702 saansanurnuns
1255 641 1340 721 [nra.
1357 659 1399 704 w.

448 809 634 870 Petronium
645 807 839 871 Trimalchio
850 807 959 885 refert,
971 809 1096 874 fabrum
1109 809 1222 886 fuisse,
1236 810 1290 896 qui
1304 809 1402 873 vitrea

448 931 526 971 vasa
547 907 664 970 faceret
689 909 869 972 tenacitatis
891 920 1001 985 tantae,
1025 922 1146 973 utnon
1170 911 1286 996 magis,
1309 933 1403 998 quarn

450 1031 545 1071 aurea
558 1007 604 1071 vel
622 1021 773 1091 argentea
785 1009 1015 1093 frangerentur.
1054 1013 1162 1083 Quum
1175 1033 1252 1096 ergo
1267 1009 1404 1094 phialam

450 1110 636 1196 hujusmodi
659 1110 699 1173 de
722 1111 806 1174 vitro
836 1113 1016 1196 purissim0,
1042 1124 1074 1175 et
1098 1112 1174 1187 solo,
1198 1124 1236 1175 ut
1259 1112 1403 1197 putabat,

447 1211 577 1295 dignam
590 1212 728 1284 Caesare,
740 1210 937 1288 fabricasset,
946 1234 1018 1274 cum
1032 1234 1161 1275 munere
1172 1234 1230 1273 suo
1243 1213 1400 1276 Caesarem

447 1310 564 1390 adiens,
589 1309 746 1374 admissus
766 1324 825 1374 est.
848 1311 1021 1374 'Laudata
1043 1324 1090 1376 est
1113 1311 1233 1396 species
1252 1311 1400 1388 muneris,

448 1411 667 1476 commendata
693 1434 806 1476 manus
836 1412 976 1488 artificis,
1006 1425 1169 1499 acceptata
1198 1424 1247 1476 est
1273 1412 1401 1475 devotio

448 1512 607 1576 donantis.
655 1513 760 1576 Faber
783 1536 859 1577 vero
882 1526 918 1576 ut
941 1513 1181 1577 admirationem
1208 1512 1399 1577 intuentium

449 1627 586 1677 verteret
610 1614 641 1676 in
664 1627 839 1700 stuporem,
857 1626 890 1678 et
912 1613 972 1678 sibi
994 1614 1120 1699 plenius
1141 1613 1276 1699 gratiam
1301 1613 1403 1678 couci-

448 1713 538 1780 liaret
555 1716 765 1802 imperatoris,
782 1716 912 1803 petitam
929 1716 969 1779 de
990 1739 1085 1780 manu
1105 1717 1241 1782 Caesaris
1263 1715 1402 1803 phialam

449 1817 578 1903 recepit,
593 1840 727 1903 eamque
745 1817 880 1881 validius
895 1819 1028 1903 projecit
1040 1817 1073 1881 in
1084 1823 1305 1904 pavimentum
1315 1829 1402 1881 tanto

450 1918 585 2004 impetu,
616 1933 653 1982 ut
683 1943 739 1983 nec
770 1919 957 1983 solidissima
983 1933 1017 1983 et
1053 1919 1305 1984 constantissima
1334 1919 1404 1982 aeris

449 2021 583 2082 materia
605 2036 745 2085 maneret
769 2021 876 2086 illaesa.
925 2024 1033 2086 Caesar
1055 2033 1162 2086 autem
1185 2020 1226 2084 ad
1250 2020 1320 2085 baec
1342 2043 1403 2084 nou

451 2119 552 2204 magis
562 2122 698 2206 stupuit,
712 2145 806 2207 quam
820 2122 960 2206 expavit.
1006 2124 1054 2186 At
1064 2121 1118 2185 ille
1127 2121 1167 2185 de
1177 2134 1262 2186 terra
1274 2122 1403 2186 sustulit

448 2220 599 2306 phialam,
615 2244 688 2306 quae
703 2223 833 2309 quidem
857 2246 919 2286 non
936 2224 1037 2287 fracta
1055 2237 1134 2300 erat,
1159 2223 1214 2287 sed
1230 2223 1349 2299 collisa,
1365 2246 1402 2288 ac

449 2323 474 2384 si
499 2326 571 2386 aeris
597 2324 784 2396 substantia,
810 2325 883 2389 vitri
909 2326 1045 2411 speciem
1070 2325 1233 2390 induisset.
1281 2325 1404 2388 Deinde

447 2422 628 2486 martiolum
642 2423 681 2487 de
691 2425 760 2488 sinn
772 2428 944 2510 proferens,
956 2425 1070 2491 vitium
1081 2427 1219 2490 correxit
1228 2427 1402 2511 aptissime,

448 2539 480 2589 et
497 2539 647 2611 tanquam
665 2526 809 2590 collisum
832 2550 886 2590 vas
902 2550 1024 2592 aeneum
1046 2527 1164 2592 crebris
1182 2528 1301 2592 ictibus
1316 2550 1404 2613 repa-

447 2630 540 2691 ravit.
587 2630 658 2705 Quo
684 2629 766 2692 facto
789 2653 821 2692 se
844 2629 960 2694 coelum
987 2630 1081 2693 Jovis
1103 2642 1209 2693 tenere
1231 2633 1403 2695 arbitratus

448 2744 507 2806 est,
523 2754 560 2792 eo
576 2730 662 2816 quod
680 2730 927 2795 familiaritatem
945 2728 1089 2803 Caesaris,
1111 2739 1144 2791 et
1161 2726 1402 2791 admirationem

447 2830 586 2894 omniurn
611 2855 643 2893 sa
665 2831 875 2916 promeruisse
893 2829 1052 2893 credebat.
1099 2828 1162 2890 Sed
1178 2849 1269 2891 secus
1290 2827 1403 2891 accidit

451 2932 605 3008 Quaesivit
620 2932 704 2995 enim
718 2933 840 3007 Caesar,
856 2952 895 2992 an
912 2929 994 2994 alius
1005 2930 1098 2993 sciret
1113 2928 1195 2992 banc
1203 2927 1402 2991 condituram

448 3031 630 3098 vitreorum.
656 3032 749 3109 Quod
760 3054 860 3118 quum
870 3043 1009 3115 negaret,
1017 3028 1402 3115 eumdecollaripraecepit

451 3135 640 3220 Imperator,
651 3134 775 3198 dicens:
793 3136 870 3219 quia
883 3133 909 3196 si
924 3133 984 3195 boc
996 3131 1167 3195 artificium
1179 3133 1401 3205 innotesceret,

447 3258 561 3298 aurum
578 3249 610 3299 et
620 3249 788 3321 argentum
799 3235 995 3312 vilescerent,
1005 3233 1096 3319 quasi
1108 3232 1223 3297 lutum.
1268 3238 1317 3298 An
1331 3254 1402 3295 vera

449 3339 489 3401 sit
505 3339 615 3402 relatio
631 3353 662 3401 et
678 3338 790 3416 fidelis,
805 3337 960 3400 incertum
985 3350 1044 3414 est,
1059 3348 1089 3399 et
1106 3334 1146 3397 de
1166 3334 1254 3398 facto
1271 3333 1403 3399 Caesaris

448 3437 565 3501 diversi
580 3438 705 3501 diversa
720 3439 871 3504 sentiunt.
918 3441 993 3521 Ego
1008 3458 1084 3499 vero
1099 3435 1328 3521 sapientiorum
1342 3457 1402 3498 non

447 3538 659 3624 praejudicans
679 3539 866 3618 intellectui,
886 3538 1090 3601 devotionem
1111 3539 1251 3622 potentis
1273 3536 1402 3600 artificis

448 3642 529 3703 male
559 3655 789 3704 remuneratam
825 3639 975 3715 arbitror,
1006 3653 1037 3703 et
1073 3637 1230 3704 inutiliter
1264 3638 1402 3701 humano

446 3739 1402 3826 generiprospectum,quumarsegregiadeletasit,utfomes

447 3841 602 3917 avaritiae,
613 3842 764 3926 pabulum
777 3842 1142 3921 mortis,c0ntentionum
1155 3840 1403 3926 praeliorumque

445 3966 540 4007 causa
574 3945 719 4028 pecunia,
752 3944 958 4029 pecuniaeque
991 3944 1125 4009 materia
1159 3955 1340 4007 servaretur
1368 3943 1400 4004 in

447 4046 564 4132 precio,
578 4044 664 4131 quod
687 4045 753 4106 sine
773 4044 940 4129 diligentia
959 4045 1095 4108 bominis
1115 4045 1220 4109 fuerat
1241 4042 1401 4120 habitura,

449 4172 548 4233 quum
566 4151 631 4213 sine
647 4171 678 4212 se
694 4170 836 4211 essenon
853 4146 962 4231 possit,
979 4171 1053 4232 quae
1069 4168 1173 4210 rerum
1191 4146 1331 4231 precium
1347 4158 1402 4210 est.

445 4251 566 4336 Utique
