3309 5309
509 631 570 704 148Ι
773 660 910 705 soanurs
925 659 1203 706 sinnsnnnnrnsrs
1324 645 1410 724 [nro.
1427 666 1464 710 n.

506 806 535 872 ei
550 810 729 895 ignorantia
743 811 921 897 suffragari,
944 833 1043 898 quum
1059 812 1178 878 nemini
1199 812 1293 878 liceat
1315 815 1461 898 ignorare

506 926 694 992 creaturam,
710 936 783 998 quae
801 935 833 976 se
852 913 976 997 appetit
999 912 1133 991 adorari,
1148 913 1310 978 infidelem
1335 927 1367 979 et
1391 937 1461 1000 per-

507 1036 604 1079 versae
631 1014 802 1079 voluntatis
828 1036 903 1078 esse.
950 1013 1075 1079 Sciebat
1099 1014 1194 1079 etiam
1221 1014 1368 1080 illicitum
1393 1039 1459 1080 esse

505 1115 620 1181 ariolos
643 1130 674 1181 et
700 1137 832 1201 magnos
856 1116 1027 1201 inquirere,
1042 1129 1073 1181 et
1098 1115 1138 1180 de
1161 1116 1280 1182 futuris
1302 1115 1460 1182 solicitare

504 1219 695 1305 Pythonem.
733 1218 826 1296 Quod
844 1213 867 1280 si
881 1239 952 1280 eum
965 1218 1145 1302 ignorantia
1158 1241 1302 1304 personae
1314 1232 1456 1297 excusat,

503 1321 639 1385 melioris
653 1320 846 1385 conditionis
868 1332 963 1384 erunt
978 1319 1069 1383 stulti
1082 1343 1181 1405 quam
1205 1320 1314 1405 periti,
1329 1334 1361 1386 et
1384 1344 1455 1407 per·

503 1424 583 1487 versi
599 1445 694 1509 quam
712 1420 801 1485 recti.
840 1423 885 1485 Et
900 1421 945 1485 ait
961 1420 1089 1485 Samuel
1104 1421 1184 1502 (non
1200 1421 1351 1507 equidem
1362 1418 1456 1488 verirs

504 1524 559 1589 sed
575 1522 752 1588 umbratilis
767 1535 799 1586 et
823 1521 966 1600 fictitius
981 1535 1013 1586 et
1036 1545 1103 1606 quo
1126 1521 1245 1607 dignus
1265 1538 1325 1601 est,
1340 1525 1458 1610 impius

501 1640 534 1692 et
550 1627 705 1711 reprobus
730 1625 942 1708 consultator)
961 1624 1047 1699 Quid
1075 1647 1125 1688 me
1151 1625 1338 1711 interrogas,
1352 1650 1452 1714 quum

501 1728 828 1794 Dominusrecesserit
839 1750 858 1789 a
870 1739 901 1791 te
912 1738 943 1790 et
956 1725 1113 1791 transierit
1126 1726 1166 1790 ad
1174 1727 1325 1791 aemulum
1340 1732 1452 1793 tuum?

502 1829 730 1917 Responsionis
751 1827 891 1907 initium,
907 1827 981 1892 fidei
1003 1842 1249 1894 consentaneum
1272 1842 1333 1911 est,
1347 1843 1381 1894 et
1404 1851 1453 1893 ac·

501 1931 703 1996 commodum
732 1931 857 1995 rationi.
917 1929 1001 2008 Quid
1030 1931 1112 1994 enim
1139 1932 1280 1996 conferet
1310 1942 1454 1996 creatura

500 2031 557 2110 illi,
580 2054 675 2117 quem
699 2030 816 2095 deserit
840 2035 941 2106 Deus,
957 2043 989 2095 et
1012 2031 1065 2094 cui
1087 2031 1204 2118 deripit
1229 2032 1355 2117 spolia?
1388 2031 1449 2099 Sed

500 2132 614 2196 sensim
630 2129 720 2194 adid
744 2131 832 2217 quod
849 2155 941 2197 suum
966 2145 1024 2211 est,
1038 2132 1138 2197 hostis
1152 2145 1184 2196 et
1207 2132 1284 2198 fidei
1308 2132 1451 2197 inimicus

500 2230 642 2306 divertit,
657 2231 835 2295 immiscens
856 2231 934 2295 falsa
949 2232 1041 2313 veris,
1057 2246 1089 2296 et
1109 2233 1272 2297 mendacia
1291 2233 1356 2298 fide
1372 2237 1450 2298 veri-

500 2329 576 2394 tatis
601 2329 800 2395 obnubilans.
846 2333 1001 2414 Sequitur
1026 2333 1128 2397 enim:
1161 2334 1271 2399 Faciet
1298 2335 1358 2399 tibi
1385 2336 1450 2398 Do·

499 2434 603 2497 minus
613 2431 693 2495 sicut
709 2431 863 2519 loquutus
877 2447 923 2498 est
940 2437 972 2498 in
989 2457 1085 2498 manu
1102 2458 1181 2510 mea,
1197 2445 1230 2499 et
1244 2436 1368 2502 scindet
1384 2459 1449 2522 reg-

497 2554 575 2599 num
591 2547 684 2598 tuum
700 2535 740 2598 de
755 2558 850 2599 manu
867 2548 934 2615 tua,
949 2550 982 2601 et
1005 2535 1095 2601 dabit
1115 2536 1197 2601 illud
1220 2538 1369 2624 proximo
1393 2551 1448 2604 tuo

497 2636 615 2713 David,
632 2640 708 2723 quia
733 2659 794 2701 non
821 2635 956 2701 obedisti
973 2637 1041 2701 voci
1065 2637 1207 2718 Domini,
1222 2661 1327 2725 neque
1348 2638 1449 2706 fecisti

495 2739 572 2803 iram
595 2739 713 2804 furoris
728 2740 797 2825 ejus
819 2740 852 2802 in
877 2738 1040 2803 Amelech.
1079 2739 1204 2803 Idcirco
1219 2740 1308 2826 quod
1323 2741 1450 2827 pateris,

495 2841 568 2906 lecit
593 2841 653 2906 tibi
680 2841 838 2905 Dominus
867 2840 974 2918 hodie,
1004 2859 1036 2905 et
1059 2840 1149 2906 dabit
1172 2843 1333 2907 Dominus
1353 2843 1447 2907 etiam

495 2957 599 3010 tecum
620 2945 718 3009 lsrael
732 2944 764 3007 in
780 2966 877 3008 manu
890 2943 1141 3010 Philistinorum.
1188 2945 1268 3009 Cras
1283 2958 1390 3011 autem
1409 2959 1444 3011 tu

494 3058 526 3110 et
541 3045 598 3110 filii
615 3045 663 3111 tui
679 3067 801 3109 mecum
817 3045 915 3108 eritis.
962 3045 1022 3108 Sed
1042 3059 1074 3109 et
1098 3057 1201 3110 castra
1218 3046 1319 3111 Israel
1343 3046 1444 3113 tradet

494 3148 653 3212 Dominus
668 3149 699 3210 in
710 3168 839 3209 manum
852 3144 1032 3211 Philistiim.
1064 3146 1200 3211 Exitum
1218 3147 1349 3234 quidem
1362 3149 1444 3226 belli,

493 3245 629 3312 fideliter
643 3247 779 3311 infidelis
793 3247 952 3333 exposuit,
965 3247 1019 3312 sed
1036 3260 1141 3312 tamen
1157 3249 1328 3314 verborum
1345 3251 1447 3315 tendi-

493 3346 574 3411 culis
603 3346 760 3411 infidelem
795 3361 827 3412 et
861 3347 1018 3412 infelicem
1052 3349 1189 3413 animam
1223 3349 1445 3416 fraudulenter

493 3445 628 3534 decepit.
673 3447 840 3513 Deviantis
866 3449 1023 3534 siquidem
1050 3453 1217 3516 confirmat
1243 3474 1392 3528 errorem,
1414 3463 1446 3518 et

493 3549 717 3634 impoenitenti,
728 3565 800 3635 post
812 3551 945 3625 exitum,
958 3553 1098 3636 quietem
1112 3553 1316 3638 repromittit.
1339 3556 1444 3632 Quum

493 3648 576 3711 enim
591 3649 669 3714 dicit
680 3652 852 3715 Dominum
865 3652 1072 3739 impleturum
1089 3678 1163 3741 quae
1180 3656 1335 3743 loquutus
1349 3672 1397 3724 est
1411 3660 1443 3724 in

493 3771 589 3813 manu
616 3772 696 3828 mea,
723 3775 755 3816 se
782 3752 995 3839 proculdubio
1021 3754 1147 3821 simulat
1175 3758 1366 3838 Samuelem,
1389 3783 1445 3846 per

493 3873 587 3936 quem
606 3852 704 3929 Sauli,
728 3877 800 3939 quae
823 3854 1005 3935 denunciat,
1027 3855 1181 3942 loquutus
1197 3872 1250 3923 eat
1272 3862 1440 3926 Dominus.

493 3955 601 4026 Quum
625 3965 732 4016 autem
755 3955 941 4040 subjungit:
967 3959 1044 4022 Cras
1067 3970 1102 4022 tu
1127 3971 1158 4023 et
1181 3957 1240 4023 filii
1256 3960 1305 4024 tui
1321 3983 1441 4026 mecum

492 4052 591 4128 eritis,
628 4075 737 4116 verum
772 4055 900 4139 quidem
938 4057 992 4121 sed
1029 4058 1251 4125 fraudulenter
1284 4063 1440 4128 enunciat.

491 4154 573 4217 Erat
602 4152 683 4216 enim
714 4151 766 4216 die
794 4157 938 4240 sequenti
974 4157 1032 4221 sibi
1063 4182 1192 4224 manum
1223 4184 1265 4226 ex
1300 4162 1442 4250 despera·

490 4255 574 4319 tione
611 4254 764 4342 injiciens,
799 4256 839 4320 ad
878 4257 995 4323 inferos
1031 4262 1238 4342 transiturus,
1274 4265 1441 4331 habiturus
