3309 5309
224 676 292 721 can.
310 655 365 735 11.]
569 677 823 755 nomenarrcus.
1138 671 1176 730 61

222 825 455 891 contemnenda
473 850 569 912 qnam
590 828 751 915 fugienda.
791 833 926 897 Certum
948 833 1106 918 siquidem
1122 848 1182 916 est,

221 927 310 1013 quod
329 926 536 1012 diligentibus
547 932 650 994 Deum
663 931 770 994 omnia
780 945 991 1017 cooperantur
1003 934 1035 997 iu
1048 934 1180 999 bonum.

221 1029 374 1094 Infideles
393 1042 499 1095 autem
525 1044 557 1096 et
578 1032 740 1116 reprobos,
754 1046 809 1097 aut
830 1034 925 1099 etiam
946 1036 1128 1101 haesitantes
1146 1037 1181 1101 in

221 1132 297 1209 fide,
312 1131 424 1196 multis
438 1132 594 1217 permittit
611 1136 699 1198 Deus
721 1132 992 1201 ludificationibus
1007 1137 1181 1223 subjacere.

222 1233 341 1301 Omina
352 1247 457 1299 tamen
473 1235 579 1299 omnia
591 1247 715 1301 tantum
731 1250 876 1319 possunt,
888 1252 1045 1324 quantum
1062 1240 1182 1327 excipi-

224 1338 308 1400 entis
322 1334 401 1398 fides
415 1334 583 1421 permittit.
621 1336 718 1400 Unde
733 1348 765 1401 et
780 1336 891 1401 Julius
903 1341 1011 1404 Caesar
1026 1339 1116 1404 nullo
1126 1364 1181 1407 au·

223 1438 330 1522 gurio,
352 1436 480 1500 nullave
509 1436 746 1521 superstitione,
769 1462 789 1501 a
817 1461 1012 1525 quocunque
1041 1441 1184 1528 incoepto

224 1540 332 1624 potuit
343 1538 522 1602 absterreri.
550 1540 695 1623 Contigit
707 1540 789 1603 enim
800 1554 837 1604 nt
848 1541 1041 1627 quandoque
1052 1544 1085 1607 in
1098 1543 1184 1608 Afri-

227 1663 296 1703 cam
309 1640 438 1723 navigio
449 1640 653 1726 proficiscens
663 1640 695 1703 in
706 1664 834 1726 egressu
846 1642 935 1706 navis
947 1643 1181 1728 prolaberetur:

225 1740 434 1830 versoitaque
444 1741 484 1805 ad
493 1741 732 1821 meliusomine3
756 1743 1182 1830 Teneote,inquit,Asrica:

225 1868 361 1930 eamque
375 1843 526 1909 obtinuit.
571 1846 732 1909 Praeterea
748 1843 946 1930 Calphuruia
970 1869 1050 1909 uxor
1065 1847 1134 1932 ejus
1148 1871 1185 1912 ea

227 1959 331 2026 nocte,
356 1968 452 2032 quam
477 1946 506 2009 is
531 1945 563 2009 in
588 1959 673 2009 terra
698 1946 843 2010 ultimam
867 1947 977 2031 gessit,
1005 1947 1085 2013 vidit
1111 1972 1184 2013 eum

226 2048 338 2113 multis
371 2047 556 2112 vulneribus
590 2047 770 2112 confectum
805 2048 838 2111 in
875 2049 945 2114 sinu
977 2074 1036 2115 suo
1066 2051 1183 2136 jacere,

227 2173 408 2235 rogansque
435 2162 471 2215 ut
497 2150 549 2214 die
575 2152 720 2236 sequenti
748 2173 766 2213 a
791 2152 881 2213 curia
909 2152 1095 2229 abstineret,
1121 2174 1184 2217 non

227 2253 380 2333 obtinuit,
395 2275 434 2315 ne
448 2251 502 2317 ille
517 2253 548 2317 in
565 2256 631 2318 vita
647 2276 704 2317 sua
719 2253 842 2339 aliquid
866 2254 1024 2333 timidum,
1040 2278 1184 2341 quocun-

228 2379 290 2444 que
305 2353 448 2440 auspicio
466 2356 568 2441 egisse
588 2355 760 2421 videretur.
800 2358 841 2419 In
861 2357 985 2421 excidio
1002 2357 1185 2423 Massilien-

229 2460 325 2538 sium,
336 2458 445 2521 lucum
457 2458 514 2544 qui
526 2457 587 2522 diis
598 2471 740 2522 sacratus
752 2458 942 2533 habebatur,
953 2458 1076 2544 primus
1087 2482 1185 2524 ausus

229 2571 277 2623 est
293 2558 424 2635 caedere,
437 2558 576 2645 probans
591 2580 625 2621 se
639 2559 680 2623 ab
694 2559 781 2622 omni
798 2559 1025 2643 superstitione
1035 2559 1185 2623 alienum.

229 2665 351 2727 Beatus
366 2683 496 2747 quoque
516 2663 649 2724 Marcus
668 2660 909 2742 evangelizandi
933 2683 1030 2725 cansa
1046 2660 1188 2725 Alexan·

230 2764 333 2828 driam
348 2763 558 2849 proficiscens,
571 2783 673 2847 quum
689 2783 799 2824 navem
812 2783 956 2845 egressus
971 2760 1108 2847 rupisset
1124 2760 1186 2825 cal·

229 2889 332 2943 ceum,
348 2866 468 2951 gratias
482 2886 590 2949 agens,
600 2866 661 2927 iter
676 2885 770 2927 suum
786 2862 972 2947 expeditum
984 2886 1051 2927 esse
1066 2875 1188 2949 protes-

231 2981 321 3033 tatus
341 2980 402 3031 est.
440 2966 473 3029 Si
492 2967 567 3051 quis
587 2976 756 3027 revocatur
779 2962 861 3026 iuter
884 2961 1040 3037 eundum,
1061 2985 1124 3025 non
1146 2962 1189 3026 ob

230 3070 302 3148 hoc,
330 3072 359 3134 si
384 3067 463 3153 quid
489 3067 521 3129 iu
551 3066 677 3129 nomine
704 3064 836 3127 Domini
861 3065 967 3128 fuerat
996 3062 1190 3139 inchoatum,

231 3170 471 3258 praetermittat,
497 3167 558 3230 nisi
589 3166 670 3230 forte
699 3187 823 3229 omnem
854 3167 1088 3229 revocationem
1113 3162 1192 3227 omi-

232 3295 342 3337 nosam
366 3292 436 3335 esse
458 3271 542 3333 corvi
564 3266 777 3354 persuadetur
807 3264 967 3351 exemplo,
993 3265 1050 3353 qui
1079 3265 1191 3331 coloris

232 3375 339 3440 amisit
354 3383 566 3448 venustatem,
582 3370 658 3435 dum
675 3383 842 3433 revocatus
856 3392 875 3432 a
890 3368 1026 3447 cornice,
1040 3368 1190 3456 progredi

231 3475 349 3539 maluit
372 3496 467 3561 quam
490 3494 627 3537 manere.
666 3472 729 3536 His
749 3493 825 3534 vero
840 3493 929 3535 mens
952 3470 1046 3557 nugis
1061 3471 1191 3536 incauta

232 3577 411 3658 seducitur,
424 3576 478 3641 sed
495 3575 599 3640 fidelis
613 3596 816 3661 nequaquam
834 3574 1018 3661 acquiescit.

296 3852 376 3935 Cap.
392 3856 421 3914 2.
446 3849 705 3914 Contemnendus
720 3868 781 3912 non
796 3869 862 3911 esse
875 3850 1006 3911 oruuino
1020 3869 1128 3913 rerum

474 3952 679 4015 naturalium
694 3953 954 4034 significationes.

283 4088 360 4151 Nou
372 4098 489 4162 tamen,
502 4085 574 4149 licet
585 4084 690 4148 omnia
702 4107 783 4148 vana
793 4108 871 4166 esse,
882 4085 1043 4171 fidemque
1052 4082 1194 4166 auguriis

241 4212 377 4255 asseram
388 4210 451 4252 nou
464 4186 655 4265 habendam,
667 4186 740 4250 ideo
753 4186 930 4271 signorum,
943 4208 1046 4272 quaen
1061 4184 1194 4267 disposi-

241 4295 327 4357 tione
342 4290 450 4355 divina
465 4290 506 4353 ad
522 4287 729 4353 erudiendam
749 4300 928 4352 ereaturam
944 4306 1089 4350 concessa
1108 4295 1194 4361 sunt,
