3309 5309
343 671 403 730 loo
604 678 739 724 Joaums
755 675 1031 721 sanssnarnnusrs
1159 655 1242 735 [us.
1260 676 1299 721 11.

342 833 422 896 nihil
438 829 515 894 mihi
530 842 706 915 appareret,
722 827 780 890 nisi
796 849 920 910 ungues
936 837 992 888 aut
1007 823 1120 908 pelvis,
1138 836 1170 888 et
1185 836 1300 888 caetera

262 932 267 938 ’
343 957 420 1019 quae
440 947 533 995 antea
556 952 715 993 noveram.
775 925 903 990 Exinde
933 948 1010 1010 ergo
1039 925 1079 989 ad
1110 925 1300 1011 hujusmodi

342 1033 466 1099 inutilis
490 1033 653 1118 judicatus
675 1054 756 1104 sum,
777 1041 809 1093 et
840 1032 931 1114 quasi
961 1027 1016 1114 qui
1048 1027 1200 1112 sacrilega
1229 1029 1298 1091 haec

344 1135 542 1222 impedirem,
566 1157 604 1197 ne
628 1133 667 1196 ad
693 1131 770 1195 talia
795 1130 973 1195 accederem
1002 1128 1243 1207 condemnatus,
1268 1143 1300 1193 et

345 1238 469 1323 quoties
499 1258 564 1299 rem
589 1235 670 1298 hanc
700 1254 845 1296 exercere
874 1231 1088 1306 decreverant,
1119 1255 1181 1315 ego
1206 1231 1300 1317 quasi

348 1340 448 1405 totius
459 1337 663 1402 divinationis
674 1334 938 1421 impedimentum
949 1334 1088 1397 arcebar.
1114 1333 1165 1396 Sic
1175 1333 1254 1396 milri
1269 1332 1300 1395 in

347 1467 382 1507 ea
390 1455 485 1506 aetate
492 1439 736 1526 propitiatnsest
748 1435 914 1499 Dominus.
932 1438 1041 1509 Quum
1049 1457 1125 1497 vero
1132 1434 1298 1520 paululum

346 1547 576 1631 processissem,
585 1540 742 1624 flagitium
752 1538 812 1601 hoc
824 1537 925 1622 magis
937 1550 968 1601 et
980 1536 1081 1620 magis
1092 1536 1254 1610 exhorrui,
1270 1548 1301 1600 et

347 1671 385 1711 eo
410 1646 523 1711 fortius
549 1644 753 1708 confirmatus
776 1654 823 1705 est
846 1641 956 1704 horror
975 1662 1076 1716 meus,
1095 1639 1183 1723 quod
1201 1660 1300 1725 quum

346 1748 537 1836 specularios
563 1748 681 1809 multos
706 1756 784 1807 tunc
813 1743 968 1817 noverim,
994 1762 1102 1803 omnes
1127 1752 1300 1824 antequam

346 1850 528 1926 deficerent,
556 1859 612 1910 sut
641 1844 769 1908 defecto
801 1855 936 1917 natura,
966 1855 1022 1906 aut
1052 1863 1151 1904 manu
1183 1839 1302 1917 hostili,

345 1950 499 2016 beneficio
522 1947 650 2011 luminis
671 1945 799 2010 orbatos
821 1942 899 2019 vidi,
916 1956 953 2008 ut
974 1955 1088 2008 caetera
1101 1939 1303 2005 incommoda

351 2067 482 2124 taceam,
500 2048 621 2133 quibus
633 2047 665 2110 in
682 2058 855 2132 conspectu
871 2068 975 2109 meaa
992 2044 1142 2120 Domino,
1158 2055 1216 2106 aut
1231 2065 1305 2128 pro·

351 2151 454 2226 strati,
464 2162 519 2211 aut
535 2147 713 2232 perturbati
729 2161 814 2226 sunt,
830 2146 971 2232 exceptis
985 2145 1122 2223 dnobus,
1137 2144 1302 2208 sacerdote

349 2246 507 2318 videlicet,
524 2265 619 2330 quern
635 2244 784 2329 praemisi,
795 2256 827 2308 et
843 2243 975 2307 diacono
990 2243 1142 2330 quodam,
1157 2244 1216 2329 qui
1231 2267 1300 2329 spe·

350 2345 540 2410 culariorum
554 2340 695 2405 videntes
705 2341 843 2427 plagam,
854 2344 1048 2428 effugerunt,
1056 2342 1186 2408 altered
1197 2346 1303 2407 sinum

353 2443 534 2521 canonicae,
546 2445 626 2505 alter
640 2441 679 2505 ad
696 2456 822 2527 portum
836 2443 958 2509 cellulae
969 2442 1197 2519 cluniacensis,
1210 2443 1304 2508 sacris

352 2546 495 2612 vestibus
520 2543 671 2627 insigniti.
724 2544 862 2608 Eosdem
892 2558 995 2609 tamen
1023 2569 1089 2630 prae
1118 2546 1243 2611 caeteris
1272 2546 1304 2611 iu

352 2646 651 2733 congregationibus
682 2646 745 2710 snis
771 2646 904 2710 adversa
933 2647 1071 2732 plurima
1100 2648 1305 2733 postmodum

352 2770 518 2834 perpessos
532 2768 607 2818 esse,
624 2744 771 2809 misertus
787 2768 869 2811 surn.
916 2748 998 2810 Sane
1013 2747 1037 2810 si
1060 2745 1100 2811 ad
1117 2747 1307 2834 impugnan·

352 2850 429 2915 dum
446 2849 532 2912 hunc
547 2868 695 2925 errorem,
710 2869 882 2911 concursus
901 2849 1072 2924 rationum,
1087 2860 1119 2913 et
1141 2847 1305 2913 catholice

353 2951 462 3016 matris
478 2948 628 3013 Ecclesiae
644 2948 816 3012 auctoritas
831 2972 893 3012 non
916 2963 1111 3036 suppeteret,
1127 2949 1177 3015 vel
1201 2974 1305 3014 exem-

354 3054 407 3140 pla
429 3055 583 3116 malorum
599 3073 670 3114 eum
690 3049 848 3115 sufficiunt
871 3053 1037 3139 extirpare.
1084 3051 1174 3116 Sicut
1198 3065 1305 3117 autem

355 3177 446 3219 nemo
462 3165 566 3238 potest
583 3151 691 3215 bibere
701 3150 828 3215 calicem
847 3153 988 3228 Domini,
1000 3165 1031 3216 et
1044 3151 1171 3216 calicem
1189 3152 1307 3217 doemo-

354 3257 491 3330 niorum,
513 3265 568 3317 aut
592 3252 720 3316 dnobus
742 3251 878 3317 dominis
901 3254 1029 3328 servire,
1051 3259 1122 3319 Deo
1144 3268 1175 3319 et
1201 3256 1309 3318 Mam-¹

357 3378 479 3426 monae3
512 3353 555 3415 sic
570 3356 705 3438 gratiam
723 3354 795 3432 Dei,
809 3367 841 3418 et
858 3353 955 3440 hujus
971 3354 1098 3420 malitiae
1114 3355 1309 3432 exercitium,

356 3455 465 3520 nullus
479 3454 667 3539 assequitur.
714 3455 775 3519 Sed
793 3479 864 3521 ecce
879 3479 980 3542 quare
996 3457 1151 3542 punctim,
1166 3469 1199 3522 et
1218 3460 1308 3543 quasi

358 3557 483 3630 subula,
500 3557 686 3622 sententiam
709 3580 897 3645 prosequor,
913 3557 988 3621 fidei
1006 3571 1038 3623 et
1060 3580 1183 3622 morum
1206 3557 1309 3624 inimi-

355 3683 434 3737 cam,
450 3681 549 3744 quum
566 3680 633 3721 earn
645 3659 748 3723 caesim
763 3660 904 3745 Spiritus
916 3683 1078 3738 mucrone,
1085 3660 1202 3746 capulo
1213 3674 1308 3725 tanus

356 3761 610 3827 transverberare
643 3760 820 3824 sufficiam?
863 3760 1010 3825 Feriatur
1039 3785 1115 3847 ergo
1149 3761 1246 3826 semel
1277 3762 1311 3825 in

356 3860 560 3935 manuforti,
584 3873 615 3923 et
642 3861 771 3925 brachio
793 3860 889 3939 illius,
913 3862 967 3949 qui
994 3862 1035 3926 ad
1062 3862 1311 3926 submersionem

357 3960 596 4046 AEgyptiorum,
617 3958 726 4024 divisit
749 3983 834 4024 mare
857 3964 992 4027 rubrum
1018 3963 1050 4025 in
1075 3962 1256 4041 divisiones,
1278 3975 1310 4026 et

358 4062 495 4129 secundo
509 4082 591 4145 opus
606 4082 668 4122 non
684 4061 754 4125 erit.
800 4067 873 4128 Non
899 4077 946 4128 est
963 4065 1045 4129 enim
1071 4065 1129 4150 qui
1149 4065 1190 4128 de
1216 4086 1311 4127 manu

359 4168 443 4232 illius
465 4163 567 4251 possit
587 4185 706 4225 eruere.
752 4163 879 4231 Educet
902 4187 979 4252 ergo
1001 4167 1146 4251 gladium
1168 4170 1310 4253 Moyses,

358 4283 388 4333 et
405 4275 582 4352 prosternat
606 4260 780 4350 AEgyptias
804 4267 1064 4345 abominationes,
1079 4280 1112 4332 et
1133 4265 1310 4333 abscondat
