3309 5309
352 679 425 725 cnr.
442 663 525 742 xva]
705 679 961 726 Pourcuarrcos.
1241 669 1304 726 3⁸25

351 843 493 915 cogatur.
517 832 1301 918 LegequoqueJuliarepetundarumtenetur,qui,

351 959 450 1020 quum
467 934 604 1018 aliquam
618 942 807 1016 potestatem
818 934 950 996 liaberet
964 935 1006 997 ob
1016 933 1237 1016 judicandum,
1251 934 1301 996 vel

351 1060 416 1101 non
422 1036 647 1120 judicandum,
659 1034 908 1109 decernendum,
924 1036 973 1098 vel
985 1056 1050 1096 non
1063 1035 1300 1097 decernendum

351 1147 405 1200 aut
424 1139 468 1198 ob
491 1133 752 1198 denunciandum
774 1133 1002 1206 testimonium,
1018 1133 1066 1195 vel
1090 1154 1156 1196 non
1177 1133 1299 1196 denun-

351 1236 514 1312 ciandum,
542 1233 713 1316 pecuniam
744 1232 922 1314 acceperit;
958 1242 991 1292 et
1015 1231 1049 1292 iu
1076 1253 1210 1311 summa,
1235 1254 1299 1315 quo

350 1335 452 1418 magis
475 1334 657 1397 autminus
679 1331 758 1414 quid
780 1353 822 1393 ex
845 1332 951 1395 officio
974 1353 1031 1393 suo
1057 1332 1182 1395 faceret.
1228 1335 1299 1395 Nec

350 1458 411 1500 usu
429 1437 502 1519 capi
526 1444 631 1518 potest
651 1434 738 1516 quod
757 1433 923 1516 accipitur,
945 1443 1116 1517 antequam
1135 1434 1243 1498 redeat
1265 1435 1299 1497 in

349 1548 538 1621 potestatem
568 1536 637 1620 ejus
663 1557 683 1598 a
709 1556 772 1617 quo
802 1534 976 1617 profectum
1001 1544 1059 1611 est,
1083 1546 1138 1598 aut
1163 1536 1299 1599 heredis.

350 1640 563 1703 Venditiones
588 1658 716 1721 quoque
743 1648 774 1698 et
795 1637 982 1711 locationes,
1006 1636 1104 1718 pluris
1130 1637 1299 1701 minorisve

349 1741 462 1818 factas,
476 1742 531 1802 lex
545 1740 608 1802 ista
621 1737 786 1813 rescindit,
801 1748 833 1799 et
852 1758 891 1799 ea
913 1736 1066 1812 damuati,
1082 1739 1298 1801 testimonium

348 1843 516 1925 publicum
532 1841 649 1917 dicere,
663 1850 720 1902 aut
736 1839 866 1922 judices
881 1860 962 1916 esse,
976 1850 1031 1901 aut
1045 1841 1204 1922 postulare
1226 1860 1299 1922 pro-

347 1944 508 2006 hibentur.
545 1942 677 2006 Etlicet
688 1941 827 2005 convicti
843 1953 934 2004 extra
944 1941 1088 2003 ordinem
1099 1941 1193 2003 hodie
1205 1943 1299 2023 puni-

348 2053 451 2121 antur,
466 2046 654 2127 plerumque
669 2041 860 2104 damnantur
875 2041 983 2114 exilio,
999 2042 1048 2102 vel
1064 2041 1159 2104 etiam
1179 2041 1301 2124 durius,

348 2157 443 2227 prout
455 2144 651 2208 admiserint.
689 2141 755 2206 Sed
765 2154 796 2204 et
805 2144 845 2205 ab
855 2142 1025 2205 heredibus
1034 2146 1130 2224 poeu'a
1139 2145 1299 2226 repetitur.

349 2245 480 2328 inspice
504 2246 599 2308 verba
620 2243 712 2324 legis,
735 2253 767 2306 et
789 2255 910 2327 quanta
932 2242 1151 2324 indignatione
1177 2245 1300 2307 crimen

348 2347 411 2410 hoc
438 2357 646 2429 persequatur
669 2344 808 2407 attende.
855 2347 903 2408 Ut
927 2345 1033 2416 unius,
1056 2344 1170 2427 inquit,
1193 2367 1301 2428 poena,

348 2456 453 2510 metus
468 2447 569 2530 possit
591 2466 662 2508 esse
677 2446 858 2520 multorum,
874 2443 988 2506 ducem
1005 2446 1061 2526 qui
1080 2446 1163 2507 male
1179 2447 1244 2526 egit
1258 2448 1299 2510 ad

348 2547 557 2630 provinciam,
580 2566 676 2629 quam
698 2545 885 2620 nudaverat,
907 2564 980 2606 cum
1004 2545 1149 2608 custodia
1171 2568 1299 2631 compe-

348 2650 430 2712 tenti
450 2649 496 2711 ire
518 2648 732 2731 praecipimus,
756 2657 791 2709 ut
812 2667 878 2708 non
901 2647 1003 2708 solum
1025 2647 1114 2729 quod
1136 2649 1211 2729 egit,
1234 2672 1299 2713 nou

348 2750 455 2813 dicam
477 2749 684 2824 domesticus
707 2747 765 2810 sed
784 2747 1012 2829 manipularius
1030 2759 1062 2810 et
1082 2749 1227 2812 minister
1248 2774 1299 2816 ac·

347 2852 445 2934 cepit,
465 2871 572 2913 verum
594 2863 631 2913 ut
651 2849 686 2911 id
708 2849 796 2931 quod
819 2850 888 2932 ipse
910 2871 929 2911 a
949 2847 1199 2931 provincialibus
1221 2854 1301 2917 meis

347 2953 463 3035 rapuit,
478 2964 534 3015 aut
554 2951 692 3026 sustulit,
714 2952 747 3012 in
771 2951 983 3034 quadruplum
1004 2951 1123 3014 invitus
1143 2955 1298 3016 exsolvat.

348 3055 514 3136 Itemque:
555 3055 676 3116 Omnes
698 3053 878 3133 cognitores
901 3063 933 3114 et
949 3051 1079 3137 judices
1101 3074 1120 3115 a
1142 3055 1298 3136 pecuniis,

347 3166 445 3237 atque
466 3155 666 3237 patrimoniis
686 3175 800 3216 manus
822 3153 1013 3232 abstineant,
1034 3176 1140 3238 neque
1162 3156 1301 3220 alienum

342 3255 484 3337 jurgium
507 3266 622 3338 putent
643 3276 733 3317 suam
759 3255 910 3337 praedam.
956 3256 1086 3318 Etenim
1109 3257 1301 3337 privatarum

346 3357 452 3419 litium
472 3357 628 3438 cognitor,
643 3357 795 3439 idemque
819 3369 987 3432 mercator,
1008 3368 1155 3420 statutam
1175 3357 1301 3439 legibus

348 3466 479 3538 cogetur
494 3459 601 3521 subire
611 3458 779 3542 jacturam.
817 3459 863 3520 Et
877 3457 976 3520 illud:
999 3460 1020 3521 J
1023 3461 1156 3522 ubemus
1172 3482 1300 3543 quoque

347 3572 378 3620 et
387 3559 560 3636 hortamur,
569 3570 614 3636 ut,
624 3561 651 3621 si
661 3559 732 3642 quis
741 3558 821 3622 forte
832 3559 1068 3632 honoratorum,
1081 3560 1300 3641 decurionum,

345 3681 578 3742 possessorum,
593 3674 752 3743 postremo
768 3661 862 3723 etiam
883 3662 1080 3737 colonorum,
1095 3681 1114 3722 a
1129 3660 1300 3745 cujuslibet

320 3813 322 3817 Α
345 3762 468 3824 ordinis
477 3762 589 3846 judice
604 3761 699 3824 suerit
715 3761 822 3843 aliqua
836 3760 959 3822 ratione
975 3780 1162 3837 concussus,
1178 3762 1205 3823 si
1226 3765 1299 3845 quis

346 3864 429 3926 sciat
445 3865 589 3926 venalem
610 3863 650 3925 de
667 3861 739 3946 jure
761 3862 858 3924 fuisse
874 3863 1078 3936 sententiam,
1094 3863 1119 3923 si
1136 3864 1208 3943 quis
1230 3887 1301 3946 poe·

345 3985 420 4027 nam
437 3966 486 4028 vel
501 3965 609 4048 precio
627 3965 803 4037 remissam,
820 3964 870 4024 vel
891 3963 966 4026 vitio
986 3960 1170 4047 cupiditatis
1191 3964 1300 4040 inges-

347 4077 429 4131 tam:
455 4068 482 4130 si
495 4069 567 4151 quis
580 4078 738 4151 postremo
751 4087 942 4148 quacunque
955 4065 996 4128 de
1008 4085 1105 4127 causa
1116 4064 1303 4142 improbum

339 4170 487 4252 judicem
508 4170 647 4253 potuerit
667 4170 855 4251 approbare,
869 4168 896 4228 is
917 4168 964 4228 vel
987 4163 1229 4230 administrante
1253 4186 1309 4242 eo,

346 4273 395 4335 vel
426 4283 501 4355 post
531 4270 838 4336 administrationem
869 4269 1046 4350 depositam
1071 4266 1105 4325 in
1136 4265 1311 4345 publicum
