<?xml version="1.0" encoding="UTF-8"?>
<!DOCTYPE html PUBLIC "-//W3C//DTD XHTML 1.0 Transitional//EN"
    "http://www.w3.org/TR/xhtml1/DTD/xhtml1-transitional.dtd">
<html xmlns="http://www.w3.org/1999/xhtml" xml:lang="en" lang="en">
 <head>
  <title>
</title>
<meta http-equiv="Content-Type" content="text/html;charset=utf-8" />
  <meta name='ocr-system' content='tesseract 3.04.00' />
  <meta name='ocr-capabilities' content='ocr_page ocr_carea ocr_par ocr_line ocrx_word'/>
</head>
<body>
  <div class='ocr_page' id='page_1' title='image "./joannissaresber04johngoog_0136.png"; bbox 0 0 3309 5309; ppageno 0'>
   <div class='ocr_carea' id='block_1_1' title="bbox 474 651 1424 731">
    <p class='ocr_par' dir='ltr' id='par_1_1' title="bbox 474 651 1424 731">
     <span class='ocr_line' id='line_1_1' title="bbox 474 651 1424 731; baseline -0.011 -11"><span class='ocrx_word' id='word_1_1' title='bbox 474 663 535 721; x_wconf 70' lang='lat'><strong>120</strong></span> <span class='ocrx_word' id='word_1_2' title='bbox 732 672 868 717; x_wconf 79' lang='lat' dir='ltr'><strong>scaurus</strong></span> <span class='ocrx_word' id='word_1_3' title='bbox 884 671 1163 716; x_wconf 79' lang='lat' dir='ltr'><strong>saansnuaruusts</strong></span> <span class='ocrx_word' id='word_1_4' title='bbox 1287 651 1370 731; x_wconf 76' lang='lat' dir='ltr'><strong>[cta.</strong></span> <span class='ocrx_word' id='word_1_5' title='bbox 1386 667 1424 712; x_wconf 93' lang='lat'><strong>11.</strong></span> 
     </span>
    </p>
   </div>
   <div class='ocr_carea' id='block_1_2' title="bbox 375 817 1426 1416">
    <p class='ocr_par' dir='ltr' id='par_1_2' title="bbox 375 817 1426 1416">
     <span class='ocr_line' id='line_1_2' title="bbox 474 817 1426 899; baseline -0.007 -12"><span class='ocrx_word' id='word_1_6' title='bbox 474 838 570 890; x_wconf 86' lang='lat' dir='ltr'><strong>vatur</strong></span> <span class='ocrx_word' id='word_1_7' title='bbox 591 823 770 896; x_wconf 81' lang='lat' dir='ltr'>arbitrium,</span> <span class='ocrx_word' id='word_1_8' title='bbox 797 824 875 888; x_wconf 89' lang='lat' dir='ltr'><strong>dum</strong></span> <span class='ocrx_word' id='word_1_9' title='bbox 899 824 924 886; x_wconf 87' lang='lat' dir='ltr'><strong>si</strong></span> <span class='ocrx_word' id='word_1_10' title='bbox 947 822 1123 899; x_wconf 89' lang='lat' dir='ltr'><strong>volueritis,</strong></span> <span class='ocrx_word' id='word_1_11' title='bbox 1147 835 1180 886; x_wconf 89' lang='lat' dir='ltr'><strong>et</strong></span> <span class='ocrx_word' id='word_1_12' title='bbox 1204 820 1231 885; x_wconf 88' lang='lat' dir='ltr'><strong>si</strong></span> <span class='ocrx_word' id='word_1_13' title='bbox 1257 817 1426 885; x_wconf 82' lang='lat' dir='ltr'>nolueritis</span> 
     </span>
     <span class='ocr_line' id='line_1_3' title="bbox 375 917 1426 1011; baseline -0.01 -19"><span class='ocrx_word' id='word_1_14' title='bbox 375 917 377 922; x_wconf 47' lang='grc'><strong>’</strong></span> <span class='ocrx_word' id='word_1_15' title='bbox 473 928 581 991; x_wconf 89' lang='lat' dir='ltr'><strong>dicens</strong></span> <span class='ocrx_word' id='word_1_16' title='bbox 594 928 627 990; x_wconf 92' lang='lat' dir='ltr'><strong>in</strong></span> <span class='ocrx_word' id='word_1_17' title='bbox 643 940 813 1011; x_wconf 87' lang='lat' dir='ltr'><strong>utramque</strong></span> <span class='ocrx_word' id='word_1_18' title='bbox 829 938 963 1011; x_wconf 89' lang='lat' dir='ltr'><strong>partem,</strong></span> <span class='ocrx_word' id='word_1_19' title='bbox 979 948 1040 988; x_wconf 92' lang='lat' dir='ltr'><strong>uon</strong></span> <span class='ocrx_word' id='word_1_20' title='bbox 1056 948 1096 988; x_wconf 84' lang='lat' dir='ltr'><strong>ex</strong></span> <span class='ocrx_word' id='word_1_21' title='bbox 1107 924 1231 1010; x_wconf 89' lang='lat' dir='ltr'><strong>judicio</strong></span> <span class='ocrx_word' id='word_1_22' title='bbox 1244 923 1426 986; x_wconf 89' lang='lat' dir='ltr'><strong>irretracta-</strong></span> 
     </span>
     <span class='ocr_line' id='line_1_4' title="bbox 473 1022 1426 1110; baseline -0.005 -21"><span class='ocrx_word' id='word_1_23' title='bbox 473 1028 529 1091; x_wconf 92' lang='lat' dir='ltr'><strong>bili</strong></span> <span class='ocrx_word' id='word_1_24' title='bbox 556 1029 662 1092; x_wconf 89' lang='lat' dir='ltr'><strong>fatove</strong></span> <span class='ocrx_word' id='word_1_25' title='bbox 684 1028 758 1107; x_wconf 90' lang='lat' dir='ltr'><strong>Dei,</strong></span> <span class='ocrx_word' id='word_1_26' title='bbox 780 1027 834 1090; x_wconf 86' lang='lat' dir='ltr'><strong>sed</strong></span> <span class='ocrx_word' id='word_1_27' title='bbox 858 1051 897 1090; x_wconf 87' lang='lat' dir='ltr'><strong>ex</strong></span> <span class='ocrx_word' id='word_1_28' title='bbox 919 1027 1033 1091; x_wconf 84' lang='lat' dir='ltr'><strong>merito</strong></span> <span class='ocrx_word' id='word_1_29' title='bbox 1053 1026 1252 1110; x_wconf 85' lang='lat' dir='ltr'><strong>singulorum</strong></span> <span class='ocrx_word' id='word_1_30' title='bbox 1276 1022 1426 1088; x_wconf 88' lang='lat' dir='ltr'><strong>omnibus</strong></span> 
     </span>
     <span class='ocr_line' id='line_1_5' title="bbox 472 1122 1423 1216; baseline -0.011 -21"><span class='ocrx_word' id='word_1_31' title='bbox 472 1153 598 1216; x_wconf 89' lang='lat' dir='ltr'><strong>poenam</strong></span> <span class='ocrx_word' id='word_1_32' title='bbox 623 1127 672 1192; x_wconf 89' lang='lat' dir='ltr'><strong>vel</strong></span> <span class='ocrx_word' id='word_1_33' title='bbox 696 1130 864 1214; x_wconf 84' lang='lat' dir='ltr'><strong>praemium</strong></span> <span class='ocrx_word' id='word_1_34' title='bbox 888 1128 1094 1213; x_wconf 81' lang='lat' dir='ltr'><strong>repromittit.</strong></span> <span class='ocrx_word' id='word_1_35' title='bbox 1139 1131 1233 1192; x_wconf 86' lang='lat' dir='ltr'><strong>Esset</strong></span> <span class='ocrx_word' id='word_1_36' title='bbox 1254 1126 1369 1210; x_wconf 89' lang='lat' dir='ltr'><strong>utique</strong></span> <span class='ocrx_word' id='word_1_37' title='bbox 1391 1122 1423 1185; x_wconf 93' lang='lat' dir='ltr'><strong>in</strong></span> 
     </span>
     <span class='ocr_line' id='line_1_6' title="bbox 472 1222 1423 1314; baseline -0.007 -21"><span class='ocrx_word' id='word_1_38' title='bbox 472 1232 669 1295; x_wconf 88' lang='lat' dir='ltr'><strong>voluntatem</strong></span> <span class='ocrx_word' id='word_1_39' title='bbox 696 1230 811 1295; x_wconf 89' lang='lat' dir='ltr'><strong>collata</strong></span> <span class='ocrx_word' id='word_1_40' title='bbox 840 1229 980 1293; x_wconf 90' lang='lat' dir='ltr'><strong>conditio</strong></span> <span class='ocrx_word' id='word_1_41' title='bbox 1010 1229 1209 1314; x_wconf 89' lang='lat' dir='ltr'><strong>promerendi</strong></span> <span class='ocrx_word' id='word_1_42' title='bbox 1239 1225 1375 1301; x_wconf 83' lang='lat' dir='ltr'><strong>inutilis,</strong></span> <span class='ocrx_word' id='word_1_43' title='bbox 1398 1222 1423 1287; x_wconf 95' lang='lat' dir='ltr'><strong>si</strong></span> 
     </span>
     <span class='ocr_line' id='line_1_7' title="bbox 471 1325 1423 1416; baseline -0.005 -22"><span class='ocrx_word' id='word_1_44' title='bbox 471 1331 607 1394; x_wconf 87' lang='lat' dir='ltr'><strong>faciendi</strong></span> <span class='ocrx_word' id='word_1_45' title='bbox 623 1330 673 1394; x_wconf 89' lang='lat' dir='ltr'><strong>vel</strong></span> <span class='ocrx_word' id='word_1_46' title='bbox 688 1353 750 1394; x_wconf 93' lang='lat' dir='ltr'><strong>uon</strong></span> <span class='ocrx_word' id='word_1_47' title='bbox 766 1330 903 1394; x_wconf 85' lang='lat' dir='ltr'><strong>faciendi</strong></span> <span class='ocrx_word' id='word_1_48' title='bbox 923 1330 1101 1405; x_wconf 80' lang='lat' dir='ltr'><strong>necessitas,</strong></span> <span class='ocrx_word' id='word_1_49' title='bbox 1117 1342 1198 1394; x_wconf 89' lang='lat' dir='ltr'><strong>esset</strong></span> <span class='ocrx_word' id='word_1_50' title='bbox 1213 1325 1423 1416; x_wconf 78' lang='lat' dir='ltr'><strong>providentia</strong></span> 
     </span>
    </p>
   </div>
   <div class='ocr_carea' id='block_1_3' title="bbox 381 1429 1423 4366">
    <p class='ocr_par' dir='ltr' id='par_1_3' title="bbox 381 1429 1423 4366">
     <span class='ocr_line' id='line_1_8' title="bbox 474 1429 1421 1514; baseline -0.004 -21"><span class='ocrx_word' id='word_1_51' title='bbox 474 1433 524 1496; x_wconf 93' lang='lat' dir='ltr'><strong>vel</strong></span> <span class='ocrx_word' id='word_1_52' title='bbox 547 1433 686 1497; x_wconf 85' lang='lat' dir='ltr'><strong>fatorum</strong></span> <span class='ocrx_word' id='word_1_53' title='bbox 712 1432 845 1495; x_wconf 83' lang='lat' dir='ltr'><strong>nexibus</strong></span> <span class='ocrx_word' id='word_1_54' title='bbox 874 1430 1006 1514; x_wconf 89' lang='lat' dir='ltr'><strong>illigata.</strong></span> <span class='ocrx_word' id='word_1_55' title='bbox 1062 1431 1156 1508; x_wconf 84' lang='lat' dir='ltr'><strong>Quod</strong></span> <span class='ocrx_word' id='word_1_56' title='bbox 1186 1431 1212 1494; x_wconf 92' lang='lat' dir='ltr'><strong>si</strong></span> <span class='ocrx_word' id='word_1_57' title='bbox 1239 1429 1329 1494; x_wconf 87' lang='lat' dir='ltr'><strong>istud</strong></span> <span class='ocrx_word' id='word_1_58' title='bbox 1359 1449 1421 1492; x_wconf 88' lang='lat' dir='ltr'><strong>non</strong></span> 
     </span>
     <span class='ocr_line' id='line_1_9' title="bbox 473 1530 1423 1618; baseline -0.006 -20"><span class='ocrx_word' id='word_1_59' title='bbox 473 1534 587 1599; x_wconf 87' lang='lat' dir='ltr'><strong>sufficit</strong></span> <span class='ocrx_word' id='word_1_60' title='bbox 601 1534 815 1610; x_wconf 64' lang='lat' dir='ltr'><strong>contentiosis</strong></span> <span class='ocrx_word' id='word_1_61' title='bbox 831 1556 870 1597; x_wconf 89' lang='lat' dir='ltr'><strong>an</strong></span> <span class='ocrx_word' id='word_1_62' title='bbox 892 1557 954 1597; x_wconf 91' lang='lat' dir='ltr'><strong>nun</strong></span> <span class='ocrx_word' id='word_1_63' title='bbox 971 1557 1009 1597; x_wconf 87' lang='lat' dir='ltr'><strong>ex</strong></span> <span class='ocrx_word' id='word_1_64' title='bbox 1027 1533 1222 1618; x_wconf 87' lang='lat' dir='ltr'><strong>Evangelico</strong></span> <span class='ocrx_word' id='word_1_65' title='bbox 1242 1530 1423 1597; x_wconf 88' lang='lat' dir='ltr'><strong>testimonio</strong></span> 
     </span>
     <span class='ocr_line' id='line_1_10' title="bbox 470 1635 1422 1723; baseline -0.004 -25"><span class='ocrx_word' id='word_1_66' title='bbox 470 1650 596 1722; x_wconf 87' lang='lat' dir='ltr'><strong>poterat</strong></span> <span class='ocrx_word' id='word_1_67' title='bbox 622 1637 653 1698; x_wconf 91' lang='lat' dir='ltr'><strong>in</strong></span> <span class='ocrx_word' id='word_1_68' title='bbox 681 1639 823 1723; x_wconf 85' lang='lat' dir='ltr'><strong>passione</strong></span> <span class='ocrx_word' id='word_1_69' title='bbox 850 1635 935 1700; x_wconf 88' lang='lat' dir='ltr'><strong>filius</strong></span> <span class='ocrx_word' id='word_1_70' title='bbox 961 1657 1074 1720; x_wconf 88' lang='lat' dir='ltr'><strong>rogare</strong></span> <span class='ocrx_word' id='word_1_71' title='bbox 1100 1648 1221 1720; x_wconf 89' lang='lat' dir='ltr'><strong>patrem</strong></span> <span class='ocrx_word' id='word_1_72' title='bbox 1252 1656 1361 1709; x_wconf 91' lang='lat' dir='ltr'><strong>suum,</strong></span> <span class='ocrx_word' id='word_1_73' title='bbox 1387 1643 1422 1695; x_wconf 91' lang='lat' dir='ltr'><strong>ut</strong></span> 
     </span>
     <span class='ocr_line' id='line_1_11' title="bbox 470 1734 1421 1824; baseline -0.004 -23"><span class='ocrx_word' id='word_1_74' title='bbox 470 1740 634 1803; x_wconf 87' lang='lat' dir='ltr'><strong>exhiberet</strong></span> <span class='ocrx_word' id='word_1_75' title='bbox 649 1741 678 1802; x_wconf 91' lang='lat' dir='ltr'><strong>ei</strong></span> <span class='ocrx_word' id='word_1_76' title='bbox 694 1737 862 1824; x_wconf 84' lang='lat' dir='ltr'><strong>plusquam</strong></span> <span class='ocrx_word' id='word_1_77' title='bbox 884 1737 1051 1801; x_wconf 86' lang='lat' dir='ltr'><strong>duodecim</strong></span> <span class='ocrx_word' id='word_1_78' title='bbox 1074 1736 1212 1821; x_wconf 84' lang='lat' dir='ltr'><strong>legiones</strong></span> <span class='ocrx_word' id='word_1_79' title='bbox 1227 1734 1421 1820; x_wconf 89' lang='lat' dir='ltr'><strong>angelorum,</strong></span> 
     </span>
     <span class='ocr_line' id='line_1_12' title="bbox 470 1837 1422 1926; baseline -0.006 -20"><span class='ocrx_word' id='word_1_80' title='bbox 470 1864 571 1926; x_wconf 93' lang='lat' dir='ltr'><strong>quum</strong></span> <span class='ocrx_word' id='word_1_81' title='bbox 586 1854 691 1904; x_wconf 90' lang='lat' dir='ltr'><strong>tamen</strong></span> <span class='ocrx_word' id='word_1_82' title='bbox 708 1840 826 1926; x_wconf 89' lang='lat' dir='ltr'><strong>liqueat</strong></span> <span class='ocrx_word' id='word_1_83' title='bbox 838 1863 877 1903; x_wconf 89' lang='lat' dir='ltr'><strong>ex</strong></span> <span class='ocrx_word' id='word_1_84' title='bbox 889 1852 962 1926; x_wconf 89' lang='lat' dir='ltr'><strong>post</strong></span> <span class='ocrx_word' id='word_1_85' title='bbox 977 1839 1074 1914; x_wconf 86' lang='lat' dir='ltr'><strong>facto,</strong></span> <span class='ocrx_word' id='word_1_86' title='bbox 1090 1862 1151 1902; x_wconf 93' lang='lat' dir='ltr'><strong>non</strong></span> <span class='ocrx_word' id='word_1_87' title='bbox 1165 1838 1235 1914; x_wconf 91' lang='lat' dir='ltr'><strong>boc,</strong></span> <span class='ocrx_word' id='word_1_88' title='bbox 1252 1837 1306 1901; x_wconf 90' lang='lat' dir='ltr'><strong>sed</strong></span> <span class='ocrx_word' id='word_1_89' title='bbox 1322 1858 1422 1922; x_wconf 87' lang='lat' dir='ltr'><strong>oppo-</strong></span> 
     </span>
     <span class='ocr_line' id='line_1_13' title="bbox 471 1941 1421 2027; baseline -0.002 -22"><span class='ocrx_word' id='word_1_90' title='bbox 471 1942 564 2006; x_wconf 89' lang='lat' dir='ltr'><strong>situm</strong></span> <span class='ocrx_word' id='word_1_91' title='bbox 595 1943 675 2026; x_wconf 89' lang='lat' dir='ltr'><strong>ejus,</strong></span> <span class='ocrx_word' id='word_1_92' title='bbox 704 1944 791 2026; x_wconf 93' lang='lat' dir='ltr'><strong>quod</strong></span> <span class='ocrx_word' id='word_1_93' title='bbox 822 1942 968 2026; x_wconf 86' lang='lat' dir='ltr'><strong>contigit,</strong></span> <span class='ocrx_word' id='word_1_94' title='bbox 991 1941 1089 2006; x_wconf 86' lang='lat' dir='ltr'><strong>fuisse</strong></span> <span class='ocrx_word' id='word_1_95' title='bbox 1117 1942 1291 2027; x_wconf 86' lang='lat' dir='ltr'><strong>provisum.</strong></span> <span class='ocrx_word' id='word_1_96' title='bbox 1353 1942 1421 2004; x_wconf 90' lang='lat' dir='ltr'><strong>Nec</strong></span> 
     </span>
     <span class='ocr_line' id='line_1_14' title="bbox 470 2043 1421 2129; baseline 0.001 -23"><span class='ocrx_word' id='word_1_97' title='bbox 470 2043 709 2129; x_wconf 85' lang='lat' dir='ltr'><strong>perspicacioris</strong></span> <span class='ocrx_word' id='word_1_98' title='bbox 740 2045 856 2125; x_wconf 89' lang='lat' dir='ltr'><strong>ingenii</strong></span> <span class='ocrx_word' id='word_1_99' title='bbox 887 2056 1012 2109; x_wconf 84' lang='lat' dir='ltr'><strong>moveat</strong></span> <span class='ocrx_word' id='word_1_100' title='bbox 1042 2067 1178 2120; x_wconf 91' lang='lat' dir='ltr'><strong>sensum,</strong></span> <span class='ocrx_word' id='word_1_101' title='bbox 1206 2048 1232 2108; x_wconf 91' lang='lat' dir='ltr'><strong>si</strong></span> <span class='ocrx_word' id='word_1_102' title='bbox 1263 2044 1294 2107; x_wconf 92' lang='lat' dir='ltr'><strong>in</strong></span> <span class='ocrx_word' id='word_1_103' title='bbox 1322 2055 1421 2108; x_wconf 85' lang='lat' dir='ltr'><strong>tautae</strong></span> 
     </span>
     <span class='ocr_line' id='line_1_15' title="bbox 469 2143 1421 2230; baseline 0.002 -23"><span class='ocrx_word' id='word_1_104' title='bbox 469 2145 643 2230; x_wconf 89' lang='lat' dir='ltr'><strong>majestatis</strong></span> <span class='ocrx_word' id='word_1_105' title='bbox 658 2143 809 2208; x_wconf 89' lang='lat' dir='ltr'><strong>scrutinio</strong></span> <span class='ocrx_word' id='word_1_106' title='bbox 821 2146 973 2230; x_wconf 88' lang='lat' dir='ltr'><strong>exemplis</strong></span> <span class='ocrx_word' id='word_1_107' title='bbox 989 2145 1164 2227; x_wconf 88' lang='lat' dir='ltr'><strong>deficimus,</strong></span> <span class='ocrx_word' id='word_1_108' title='bbox 1174 2169 1231 2210; x_wconf 88' lang='lat' dir='ltr'><strong>nec</strong></span> <span class='ocrx_word' id='word_1_109' title='bbox 1242 2144 1421 2210; x_wconf 87' lang='lat' dir='ltr'><strong>rationibus</strong></span> 
     </span>
     <span class='ocr_line' id='line_1_16' title="bbox 469 2245 1422 2331; baseline 0.003 -24"><span class='ocrx_word' id='word_1_110' title='bbox 469 2245 681 2325; x_wconf 85' lang='lat' dir='ltr'><strong>abundamus,</strong></span> <span class='ocrx_word' id='word_1_111' title='bbox 692 2268 792 2331; x_wconf 92' lang='lat' dir='ltr'><strong>quum</strong></span> <span class='ocrx_word' id='word_1_112' title='bbox 806 2246 1043 2312; x_wconf 84' lang='lat' dir='ltr'><strong>admirationem</strong></span> <span class='ocrx_word' id='word_1_113' title='bbox 1057 2248 1139 2313; x_wconf 88' lang='lat' dir='ltr'><strong>ratio</strong></span> <span class='ocrx_word' id='word_1_114' title='bbox 1154 2247 1257 2322; x_wconf 91' lang='lat' dir='ltr'><strong>tollat,</strong></span> <span class='ocrx_word' id='word_1_115' title='bbox 1269 2260 1300 2312; x_wconf 89' lang='lat' dir='ltr'><strong>et</strong></span> <span class='ocrx_word' id='word_1_116' title='bbox 1317 2269 1422 2311; x_wconf 85' lang='lat' dir='ltr'><strong>exem·</strong></span> 
     </span>
     <span class='ocr_line' id='line_1_17' title="bbox 469 2345 1420 2433; baseline 0.005 -27"><span class='ocrx_word' id='word_1_117' title='bbox 469 2345 595 2429; x_wconf 91' lang='lat' dir='ltr'><strong>plorum</strong></span> <span class='ocrx_word' id='word_1_118' title='bbox 611 2345 757 2408; x_wconf 83' lang='lat' dir='ltr'><strong>inductio</strong></span> <span class='ocrx_word' id='word_1_119' title='bbox 779 2345 1030 2430; x_wconf 83' lang='lat' dir='ltr'><strong>singularitatem</strong></span> <span class='ocrx_word' id='word_1_120' title='bbox 1047 2348 1206 2412; x_wconf 86' lang='lat' dir='ltr'><strong>excludat.</strong></span> <span class='ocrx_word' id='word_1_121' title='bbox 1253 2349 1331 2433; x_wconf 86' lang='lat' dir='ltr'><strong>Ipsa</strong></span> <span class='ocrx_word' id='word_1_122' title='bbox 1345 2371 1420 2412; x_wconf 84' lang='lat' dir='ltr'><strong>vero</strong></span> 
     </span>
     <span class='ocr_line' id='line_1_18' title="bbox 469 2445 1421 2530; baseline 0.003 -22"><span class='ocrx_word' id='word_1_123' title='bbox 469 2445 620 2510; x_wconf 83' lang='lat' dir='ltr'><strong>ineffabili</strong></span> <span class='ocrx_word' id='word_1_124' title='bbox 644 2445 864 2530; x_wconf 85' lang='lat' dir='ltr'><strong>singularitate</strong></span> <span class='ocrx_word' id='word_1_125' title='bbox 888 2447 1051 2526; x_wconf 91' lang='lat' dir='ltr'><strong>mirabilis,</strong></span> <span class='ocrx_word' id='word_1_126' title='bbox 1074 2461 1105 2512; x_wconf 91' lang='lat' dir='ltr'><strong>et</strong></span> <span class='ocrx_word' id='word_1_127' title='bbox 1129 2447 1264 2512; x_wconf 90' lang='lat' dir='ltr'><strong>mirabili</strong></span> <span class='ocrx_word' id='word_1_128' title='bbox 1290 2451 1421 2512; x_wconf 83' lang='lat' dir='ltr'><strong>immen-</strong></span> 
     </span>
     <span class='ocr_line' id='line_1_19' title="bbox 470 2548 1422 2634; baseline 0.001 -23"><span class='ocrx_word' id='word_1_129' title='bbox 470 2549 563 2612; x_wconf 90' lang='lat' dir='ltr'><strong>sitate</strong></span> <span class='ocrx_word' id='word_1_130' title='bbox 579 2548 759 2630; x_wconf 84' lang='lat' dir='ltr'><strong>singularis,</strong></span> <span class='ocrx_word' id='word_1_131' title='bbox 776 2571 901 2612; x_wconf 89' lang='lat' dir='ltr'><strong>omnem</strong></span> <span class='ocrx_word' id='word_1_132' title='bbox 924 2573 1046 2614; x_wconf 90' lang='lat' dir='ltr'><strong>sensum</strong></span> <span class='ocrx_word' id='word_1_133' title='bbox 1064 2562 1231 2634; x_wconf 85' lang='lat' dir='ltr'><strong>exuperat,</strong></span> <span class='ocrx_word' id='word_1_134' title='bbox 1246 2571 1310 2613; x_wconf 89' lang='lat' dir='ltr'><strong>non</strong></span> <span class='ocrx_word' id='word_1_135' title='bbox 1327 2549 1422 2614; x_wconf 91' lang='lat' dir='ltr'><strong>modo</strong></span> 
     </span>
     <span class='ocr_line' id='line_1_20' title="bbox 468 2650 1419 2737; baseline 0.003 -23"><span class='ocrx_word' id='word_1_136' title='bbox 468 2651 632 2715; x_wconf 90' lang='lat' dir='ltr'><strong>hominum</strong></span> <span class='ocrx_word' id='word_1_137' title='bbox 654 2650 707 2715; x_wconf 90' lang='lat' dir='ltr'><strong>sed</strong></span> <span class='ocrx_word' id='word_1_138' title='bbox 729 2650 925 2736; x_wconf 88' lang='lat' dir='ltr'><strong>angelorum.</strong></span> <span class='ocrx_word' id='word_1_139' title='bbox 972 2651 1042 2714; x_wconf 89' lang='lat' dir='ltr'><strong>Scio</strong></span> <span class='ocrx_word' id='word_1_140' title='bbox 1065 2652 1212 2736; x_wconf 86' lang='lat' dir='ltr'><strong>equidem</strong></span> <span class='ocrx_word' id='word_1_141' title='bbox 1236 2651 1312 2737; x_wconf 93' lang='lat' dir='ltr'><strong>quia</strong></span> <span class='ocrx_word' id='word_1_142' title='bbox 1333 2675 1419 2717; x_wconf 86' lang='lat' dir='ltr'><strong>scru-</strong></span> 
     </span>
     <span class='ocr_line' id='line_1_21' title="bbox 469 2753 1420 2838; baseline 0.002 -22"><span class='ocrx_word' id='word_1_143' title='bbox 469 2765 555 2816; x_wconf 89' lang='lat' dir='ltr'><strong>tator</strong></span> <span class='ocrx_word' id='word_1_144' title='bbox 582 2755 755 2838; x_wconf 90' lang='lat' dir='ltr'><strong>majestatis</strong></span> <span class='ocrx_word' id='word_1_145' title='bbox 780 2753 980 2838; x_wconf 89' lang='lat' dir='ltr'><strong>opprimetur</strong></span> <span class='ocrx_word' id='word_1_146' title='bbox 1006 2777 1024 2816; x_wconf 93' lang='lat' dir='ltr'><strong>a</strong></span> <span class='ocrx_word' id='word_1_147' title='bbox 1047 2753 1159 2838; x_wconf 91' lang='lat' dir='ltr'><strong>gloria,</strong></span> <span class='ocrx_word' id='word_1_148' title='bbox 1186 2766 1217 2817; x_wconf 87' lang='lat' dir='ltr'><strong>ct</strong></span> <span class='ocrx_word' id='word_1_149' title='bbox 1248 2775 1289 2818; x_wconf 86' lang='lat' dir='ltr'><strong>ex</strong></span> <span class='ocrx_word' id='word_1_150' title='bbox 1315 2754 1420 2820; x_wconf 91' lang='lat' dir='ltr'><strong>edicto</strong></span> 
     </span>
     <span class='ocr_line' id='line_1_22' title="bbox 469 2854 1420 2940; baseline 0.004 -24"><span class='ocrx_word' id='word_1_151' title='bbox 469 2854 639 2935; x_wconf 89' lang='lat' dir='ltr'><strong>Altissimi,</strong></span> <span class='ocrx_word' id='word_1_152' title='bbox 655 2855 799 2933; x_wconf 90' lang='lat' dir='ltr'><strong>bestiam,</strong></span> <span class='ocrx_word' id='word_1_153' title='bbox 816 2855 841 2917; x_wconf 93' lang='lat' dir='ltr'><strong>si</strong></span> <span class='ocrx_word' id='word_1_154' title='bbox 863 2867 1002 2918; x_wconf 90' lang='lat' dir='ltr'><strong>montem</strong></span> <span class='ocrx_word' id='word_1_155' title='bbox 1019 2855 1171 2939; x_wconf 89' lang='lat' dir='ltr'><strong>tetigerit,</strong></span> <span class='ocrx_word' id='word_1_156' title='bbox 1187 2854 1351 2940; x_wconf 90' lang='lat' dir='ltr'><strong>lapidibus</strong></span> <span class='ocrx_word' id='word_1_157' title='bbox 1366 2857 1420 2920; x_wconf 91' lang='lat' dir='ltr'><strong>ob-</strong></span> 
     </span>
     <span class='ocr_line' id='line_1_23' title="bbox 467 2955 1419 3044; baseline 0.001 -24"><span class='ocrx_word' id='word_1_158' title='bbox 467 2957 630 3021; x_wconf 87' lang='lat' dir='ltr'><strong>ruendam.</strong></span> <span class='ocrx_word' id='word_1_159' title='bbox 677 2957 773 3022; x_wconf 89' lang='lat' dir='ltr'><strong>Unde</strong></span> <span class='ocrx_word' id='word_1_160' title='bbox 794 2979 869 3042; x_wconf 85' lang='lat' dir='ltr'><strong>quae</strong></span> <span class='ocrx_word' id='word_1_161' title='bbox 890 2955 920 3018; x_wconf 93' lang='lat' dir='ltr'><strong>in</strong></span> <span class='ocrx_word' id='word_1_162' title='bbox 945 2955 1064 3021; x_wconf 89' lang='lat' dir='ltr'><strong>talibus</strong></span> <span class='ocrx_word' id='word_1_163' title='bbox 1086 2970 1331 3044; x_wconf 72' lang='lat' dir='ltr'><strong>praeponuntur,</strong></span> <span class='ocrx_word' id='word_1_164' title='bbox 1355 2958 1419 3022; x_wconf 91' lang='lat' dir='ltr'><strong>sine</strong></span> 
     </span>
     <span class='ocr_line' id='line_1_24' title="bbox 465 3058 1420 3146; baseline 0 -23"><span class='ocrx_word' id='word_1_165' title='bbox 465 3058 653 3146; x_wconf 63' lang='lat' dir='ltr'><strong>praejudicio</strong></span> <span class='ocrx_word' id='word_1_166' title='bbox 667 3058 845 3135; x_wconf 90' lang='lat' dir='ltr'><strong>meliorum,</strong></span> <span class='ocrx_word' id='word_1_167' title='bbox 858 3059 1078 3141; x_wconf 87' lang='lat' dir='ltr'><strong>investigantis</strong></span> <span class='ocrx_word' id='word_1_168' title='bbox 1093 3059 1197 3122; x_wconf 91' lang='lat' dir='ltr'><strong>animo</strong></span> <span class='ocrx_word' id='word_1_169' title='bbox 1211 3059 1321 3145; x_wconf 89' lang='lat' dir='ltr'><strong>potius</strong></span> <span class='ocrx_word' id='word_1_170' title='bbox 1336 3060 1420 3125; x_wconf 90' lang='lat' dir='ltr'><strong>dicta</strong></span> 
     </span>
     <span class='ocr_line' id='line_1_25' title="bbox 467 3161 1418 3250; baseline 0.001 -25"><span class='ocrx_word' id='word_1_171' title='bbox 467 3175 551 3238; x_wconf 90' lang='lat' dir='ltr'><strong>sunt,</strong></span> <span class='ocrx_word' id='word_1_172' title='bbox 567 3185 663 3250; x_wconf 89' lang='lat' dir='ltr'><strong>quam</strong></span> <span class='ocrx_word' id='word_1_173' title='bbox 680 3162 848 3225; x_wconf 89' lang='lat' dir='ltr'><strong>temeraria</strong></span> <span class='ocrx_word' id='word_1_174' title='bbox 867 3164 1074 3238; x_wconf 88' lang='lat' dir='ltr'><strong>contentione,</strong></span> <span class='ocrx_word' id='word_1_175' title='bbox 1090 3162 1130 3225; x_wconf 93' lang='lat' dir='ltr'><strong>ad</strong></span> <span class='ocrx_word' id='word_1_176' title='bbox 1146 3161 1418 3247; x_wconf 89' lang='lat' dir='ltr'><strong>impugnationem</strong></span> 
     </span>
     <span class='ocr_line' id='line_1_26' title="bbox 465 3262 1420 3350; baseline 0.002 -25"><span class='ocrx_word' id='word_1_177' title='bbox 465 3264 530 3327; x_wconf 84' lang='lat' dir='ltr'><strong>veri</strong></span> <span class='ocrx_word' id='word_1_178' title='bbox 548 3264 669 3350; x_wconf 90' lang='lat' dir='ltr'><strong>aliquid</strong></span> <span class='ocrx_word' id='word_1_179' title='bbox 693 3263 872 3328; x_wconf 87' lang='lat' dir='ltr'><strong>statuentis.</strong></span> <span class='ocrx_word' id='word_1_180' title='bbox 920 3262 981 3325; x_wconf 87' lang='lat' dir='ltr'><strong>Sed</strong></span> <span class='ocrx_word' id='word_1_181' title='bbox 1005 3285 1062 3326; x_wconf 91' lang='lat' dir='ltr'><strong>nec</strong></span> <span class='ocrx_word' id='word_1_182' title='bbox 1082 3262 1161 3326; x_wconf 93' lang='lat' dir='ltr'><strong>illud</strong></span> <span class='ocrx_word' id='word_1_183' title='bbox 1182 3286 1233 3326; x_wconf 91' lang='lat' dir='ltr'><strong>mc</strong></span> <span class='ocrx_word' id='word_1_184' title='bbox 1253 3264 1334 3327; x_wconf 89' lang='lat' dir='ltr'><strong>scire</strong></span> <span class='ocrx_word' id='word_1_185' title='bbox 1348 3287 1420 3327; x_wconf 90' lang='lat' dir='ltr'><strong>con-</strong></span> 
     </span>
     <span class='ocr_line' id='line_1_27' title="bbox 466 3364 1419 3453; baseline 0.001 -25"><span class='ocrx_word' id='word_1_186' title='bbox 466 3366 570 3445; x_wconf 88' lang='lat' dir='ltr'><strong>fiteor,</strong></span> <span class='ocrx_word' id='word_1_187' title='bbox 583 3388 642 3430; x_wconf 91' lang='lat' dir='ltr'><strong>cur</strong></span> <span class='ocrx_word' id='word_1_188' title='bbox 657 3367 716 3430; x_wconf 91' lang='lat' dir='ltr'><strong>hoc</strong></span> <span class='ocrx_word' id='word_1_189' title='bbox 732 3366 901 3451; x_wconf 89' lang='lat' dir='ltr'><strong>reprobato</strong></span> <span class='ocrx_word' id='word_1_190' title='bbox 917 3365 1014 3429; x_wconf 89' lang='lat' dir='ltr'><strong>alium</strong></span> <span class='ocrx_word' id='word_1_191' title='bbox 1030 3365 1239 3451; x_wconf 75' lang='lat' dir='ltr'><strong>praelegerit,</strong></span> <span class='ocrx_word' id='word_1_192' title='bbox 1254 3365 1316 3432; x_wconf 91' lang='lat' dir='ltr'><strong>nisi</strong></span> <span class='ocrx_word' id='word_1_193' title='bbox 1331 3364 1419 3453; x_wconf 91' lang='lat' dir='ltr'><strong>quod</strong></span> 
     </span>
     <span class='ocr_line' id='line_1_28' title="bbox 466 3464 1417 3552; baseline 0.002 -24"><span class='ocrx_word' id='word_1_194' title='bbox 466 3487 538 3528; x_wconf 91' lang='lat' dir='ltr'><strong>cum</strong></span> <span class='ocrx_word' id='word_1_195' title='bbox 561 3465 708 3548; x_wconf 87' lang='lat' dir='ltr'><strong>patribus</strong></span> <span class='ocrx_word' id='word_1_196' title='bbox 734 3466 832 3530; x_wconf 87' lang='lat' dir='ltr'><strong>sentio</strong></span> <span class='ocrx_word' id='word_1_197' title='bbox 858 3464 969 3528; x_wconf 84' lang='lat' dir='ltr'><strong>in‘illo</strong></span> <span class='ocrx_word' id='word_1_198' title='bbox 995 3464 1151 3529; x_wconf 87' lang='lat' dir='ltr'><strong>occultam</strong></span> <span class='ocrx_word' id='word_1_199' title='bbox 1174 3465 1237 3528; x_wconf 92' lang='lat' dir='ltr'><strong>Dei</strong></span> <span class='ocrx_word' id='word_1_200' title='bbox 1256 3466 1417 3552; x_wconf 88' lang='lat' dir='ltr'><strong>justitiam</strong></span> 
     </span>
     <span class='ocr_line' id='line_1_29' title="bbox 466 3566 1416 3651; baseline 0.003 -22"><span class='ocrx_word' id='word_1_201' title='bbox 466 3567 689 3643; x_wconf 89' lang='lat' dir='ltr'><strong>venerandam,</strong></span> <span class='ocrx_word' id='word_1_202' title='bbox 705 3566 736 3629; x_wconf 94' lang='lat' dir='ltr'><strong>in</strong></span> <span class='ocrx_word' id='word_1_203' title='bbox 753 3568 812 3631; x_wconf 91' lang='lat' dir='ltr'><strong>hoc</strong></span> <span class='ocrx_word' id='word_1_204' title='bbox 827 3567 1025 3631; x_wconf 82' lang='lat' dir='ltr'><strong>manifestam</strong></span> <span class='ocrx_word' id='word_1_205' title='bbox 1043 3567 1156 3651; x_wconf 86' lang='lat' dir='ltr'><strong>gratiae</strong></span> <span class='ocrx_word' id='word_1_206' title='bbox 1172 3567 1416 3632; x_wconf 88' lang='lat' dir='ltr'><strong>misericordiam</strong></span> 
     </span>
     <span class='ocr_line' id='line_1_30' title="bbox 467 3668 1417 3755; baseline 0.001 -23"><span class='ocrx_word' id='word_1_207' title='bbox 467 3668 727 3753; x_wconf 89' lang='lat' dir='ltr'><strong>amplectendam.</strong></span> <span class='ocrx_word' id='word_1_208' title='bbox 774 3673 858 3734; x_wconf 86' lang='lat' dir='ltr'><strong>Nam</strong></span> <span class='ocrx_word' id='word_1_209' title='bbox 881 3682 912 3732; x_wconf 92' lang='lat' dir='ltr'><strong>et</strong></span> <span class='ocrx_word' id='word_1_210' title='bbox 936 3668 998 3745; x_wconf 90' lang='lat' dir='ltr'><strong>ille,</strong></span> <span class='ocrx_word' id='word_1_211' title='bbox 1016 3669 1071 3752; x_wconf 91' lang='lat' dir='ltr'><strong>qui</strong></span> <span class='ocrx_word' id='word_1_212' title='bbox 1095 3684 1207 3755; x_wconf 90' lang='lat' dir='ltr'><strong>raptus</strong></span> <span class='ocrx_word' id='word_1_213' title='bbox 1221 3668 1262 3732; x_wconf 88' lang='lat' dir='ltr'><strong>ad</strong></span> <span class='ocrx_word' id='word_1_214' title='bbox 1286 3670 1417 3735; x_wconf 90' lang='lat' dir='ltr'><strong>tertium</strong></span> 
     </span>
     <span class='ocr_line' id='line_1_31' title="bbox 381 3769 1418 3855; baseline 0.003 -24"><span class='ocrx_word' id='word_1_215' title='bbox 381 3822 386 3831; x_wconf 94' lang='lat'>.</span> <span class='ocrx_word' id='word_1_216' title='bbox 466 3769 581 3834; x_wconf 86' lang='lat' dir='ltr'><strong>coelum</strong></span> <span class='ocrx_word' id='word_1_217' title='bbox 601 3770 725 3834; x_wconf 90' lang='lat' dir='ltr'><strong>audivit</strong></span> <span class='ocrx_word' id='word_1_218' title='bbox 745 3793 858 3833; x_wconf 86' lang='lat' dir='ltr'><strong>arcana</strong></span> <span class='ocrx_word' id='word_1_219' title='bbox 884 3771 991 3846; x_wconf 90' lang='lat' dir='ltr'><strong>verba,</strong></span> <span class='ocrx_word' id='word_1_220' title='bbox 1014 3793 1087 3855; x_wconf 88' lang='lat' dir='ltr'><strong>quaa</strong></span> <span class='ocrx_word' id='word_1_221' title='bbox 1113 3792 1174 3833; x_wconf 90' lang='lat' dir='ltr'><strong>non</strong></span> <span class='ocrx_word' id='word_1_222' title='bbox 1198 3770 1271 3836; x_wconf 92' lang='lat' dir='ltr'><strong>licet</strong></span> <span class='ocrx_word' id='word_1_223' title='bbox 1297 3770 1418 3836; x_wconf 91' lang='lat' dir='ltr'><strong>homini</strong></span> 
     </span>
     <span class='ocr_line' id='line_1_32' title="bbox 465 3870 1420 3957; baseline 0.005 -23"><span class='ocrx_word' id='word_1_224' title='bbox 465 3871 566 3957; x_wconf 91' lang='lat' dir='ltr'><strong>loqui,</strong></span> <span class='ocrx_word' id='word_1_225' title='bbox 576 3870 672 3956; x_wconf 93' lang='lat' dir='ltr'><strong>hujus</strong></span> <span class='ocrx_word' id='word_1_226' title='bbox 687 3870 883 3936; x_wconf 89' lang='lat' dir='ltr'><strong>difficultatis</strong></span> <span class='ocrx_word' id='word_1_227' title='bbox 898 3872 1067 3935; x_wconf 87' lang='lat' dir='ltr'><strong>articulum</strong></span> <span class='ocrx_word' id='word_1_228' title='bbox 1083 3894 1145 3934; x_wconf 92' lang='lat' dir='ltr'><strong>non</strong></span> <span class='ocrx_word' id='word_1_229' title='bbox 1162 3884 1226 3936; x_wconf 90' lang='lat' dir='ltr'><strong>tam</strong></span> <span class='ocrx_word' id='word_1_230' title='bbox 1243 3871 1420 3940; x_wconf 89' lang='lat' dir='ltr'><strong>discutiens</strong></span> 
     </span>
     <span class='ocr_line' id='line_1_33' title="bbox 462 3971 1419 4060; baseline 0.002 -23"><span class='ocrx_word' id='word_1_231' title='bbox 462 3995 560 4060; x_wconf 88' lang='lat' dir='ltr'><strong>quam</strong></span> <span class='ocrx_word' id='word_1_232' title='bbox 584 3972 754 4049; x_wconf 91' lang='lat' dir='ltr'><strong>admirans,</strong></span> <span class='ocrx_word' id='word_1_233' title='bbox 769 3971 969 4036; x_wconf 89' lang='lat' dir='ltr'><strong>altitudinem</strong></span> <span class='ocrx_word' id='word_1_234' title='bbox 994 3972 1178 4036; x_wconf 89' lang='lat' dir='ltr'><strong>divitiarum</strong></span> <span class='ocrx_word' id='word_1_235' title='bbox 1202 3974 1367 4059; x_wconf 76' lang='lat' dir='ltr'><strong>sapientiae</strong></span> <span class='ocrx_word' id='word_1_236' title='bbox 1387 3987 1419 4039; x_wconf 88' lang='lat' dir='ltr'><strong>ct</strong></span> 
     </span>
     <span class='ocr_line' id='line_1_34' title="bbox 465 4072 1420 4158; baseline -0.001 -17"><span class='ocrx_word' id='word_1_237' title='bbox 465 4076 604 4141; x_wconf 88' lang='lat' dir='ltr'><strong>scientiae</strong></span> <span class='ocrx_word' id='word_1_238' title='bbox 635 4072 695 4136; x_wconf 92' lang='lat' dir='ltr'><strong>Dei</strong></span> <span class='ocrx_word' id='word_1_239' title='bbox 725 4072 919 4136; x_wconf 85' lang='lat' dir='ltr'><strong>confessione</strong></span> <span class='ocrx_word' id='word_1_240' title='bbox 950 4073 1062 4137; x_wconf 89' lang='lat' dir='ltr'><strong>humili</strong></span> <span class='ocrx_word' id='word_1_241' title='bbox 1089 4087 1269 4153; x_wconf 85' lang='lat' dir='ltr'><strong>veneratus,</strong></span> <span class='ocrx_word' id='word_1_242' title='bbox 1294 4073 1420 4158; x_wconf 89' lang='lat' dir='ltr'><strong>judicia</strong></span> 
     </span>
     <span class='ocr_line' id='line_1_35' title="bbox 464 4173 1419 4263; baseline 0 -23"><span class='ocrx_word' id='word_1_243' title='bbox 464 4179 534 4263; x_wconf 88' lang='lat' dir='ltr'><strong>ejus</strong></span> <span class='ocrx_word' id='word_1_244' title='bbox 548 4173 888 4259; x_wconf 89' lang='lat' dir='ltr'><strong>incomprehensibilia,</strong></span> <span class='ocrx_word' id='word_1_245' title='bbox 905 4188 936 4238; x_wconf 90' lang='lat' dir='ltr'><strong>et</strong></span> <span class='ocrx_word' id='word_1_246' title='bbox 950 4174 1015 4238; x_wconf 83' lang='lat' dir='ltr'><strong>vias</strong></span> <span class='ocrx_word' id='word_1_247' title='bbox 1029 4175 1337 4260; x_wconf 85' lang='lat' dir='ltr'><strong>impervestigabiles</strong></span> <span class='ocrx_word' id='word_1_248' title='bbox 1352 4200 1419 4241; x_wconf 90' lang='lat' dir='ltr'><strong>esse</strong></span> 
     </span>
     <span class='ocr_line' id='line_1_36' title="bbox 465 4277 1418 4366; baseline 0.001 -24"><span class='ocrx_word' id='word_1_249' title='bbox 465 4277 665 4366; x_wconf 88' lang='lat' dir='ltr'><strong>pronunciat.</strong></span> <span class='ocrx_word' id='word_1_250' title='bbox 718 4278 844 4341; x_wconf 88' lang='lat' dir='ltr'><strong>Incerta</strong></span> <span class='ocrx_word' id='word_1_251' title='bbox 866 4290 897 4340; x_wconf 88' lang='lat' dir='ltr'><strong>et</strong></span> <span class='ocrx_word' id='word_1_252' title='bbox 921 4277 1045 4341; x_wconf 89' lang='lat' dir='ltr'><strong>occulta</strong></span> <span class='ocrx_word' id='word_1_253' title='bbox 1072 4279 1236 4363; x_wconf 75' lang='lat' dir='ltr'><strong>sapientiae</strong></span> <span class='ocrx_word' id='word_1_254' title='bbox 1263 4278 1338 4359; x_wconf 92' lang='lat' dir='ltr'><strong>Dei,</strong></span> <span class='ocrx_word' id='word_1_255' title='bbox 1361 4281 1418 4366; x_wconf 95' lang='lat' dir='ltr'><strong>qui</strong></span> 
     </span>
    </p>
   </div>
   <div class='ocr_carea' id='block_1_4' title="bbox 0 0 1660 5309">
    <p class='ocr_par' dir='ltr' id='par_1_4' title="bbox 0 0 1660 5309">
     <span class='ocr_line' id='line_1_37' title="bbox 0 0 1660 5309; baseline 0 3"><span class='ocrx_word' id='word_1_256' title='bbox 0 0 1660 5309; x_wconf 95' lang='lat' dir='ltr'><strong> </strong></span> 
     </span>
    </p>
   </div>
  </div>
 </body>
</html>
