3309 5309
351 664 413 709 car.
430 645 522 724 x111.]
696 661 951 705 rotrenarreus.
1235 649 1297 705 205

349 817 540 899 praeuomine
564 815 790 889 conclamatur,
806 814 1014 875 salutationes
1030 814 1155 895 exeipit
1169 814 1298 896 primae,

350 919 464 1000 primas
492 915 667 978 sententias
687 915 720 976 in
736 914 871 996 judiciis
896 915 1025 998 profert,
1049 916 1082 976 in
1105 914 1300 978 demonstra-

347 1018 484 1080 tionibus
505 1015 741 1087 honestissime,
768 1016 802 1076 in
827 1014 1107 1077 deliberationibus
1132 1015 1300 1077 utilissime

346 1120 449 1193 sentit,
477 1114 630 1200 quicquid
654 1116 806 1198 loquitur,
833 1118 878 1178 sal
902 1137 1023 1178 merum
1050 1132 1115 1191 est,
1146 1115 1299 1199 quicquid

347 1220 420 1301 agit,
437 1217 563 1302 justitia
577 1217 626 1278 vel
650 1217 831 1278 liberalitas.
876 1219 945 1296 Age
969 1238 1044 1296 ergo
1066 1228 1099 1278 et
1118 1216 1201 1278 inter
1221 1217 1300 1278 istos

347 1339 457 1401 sapere
473 1315 565 1379 aude.
605 1316 686 1377 llico
698 1315 717 1346 “
730 1316 830 1377 multa
845 1315 1044 1378 adulatorum
1056 1316 1160 1377 reniet
1175 1337 1299 1393 manus,

346 1428 375 1479 et
386 1418 485 1480 veluti
501 1428 531 1479 te
542 1418 562 1479 J
565 1416 649 1478 udaei
664 1427 781 1496 cogent
795 1417 827 1477 iu
844 1437 933 1479 suam
947 1416 1124 1478 concedere
1140 1417 1298 1480 turbam·“

347 1518 557 1581 Multitudine
581 1519 690 1599 itaque
720 1519 780 1579 tuti
807 1526 893 1594 sunt,
919 1528 951 1580 et
977 1517 1126 1593 artificio,
1151 1528 1187 1579 ut
1211 1518 1298 1599 ipsos

345 1620 469 1701 possint
484 1617 578 1680 etiarlr
595 1636 694 1696 aegea,
711 1629 743 1679 et
757 1618 921 1700 principes
936 1638 1130 1701 expugnare.
1160 1619 1204 1679 Et
1219 1620 1298 1680 miro

345 1719 440 1781 modo
452 1719 583 1781 inermis
594 1720 693 1801 popul
699 1740 734 1779 us
747 1721 897 1799 praevalet
911 1718 944 1779 in
959 1728 1107 1794 armatos,
1120 1726 1152 1780 et
1163 1719 1301 1781 mollicie

346 1842 416 1903 quae
440 1820 662 1882 robustissima
684 1830 768 1896 sunt,
794 1830 938 1903 potenter
959 1832 1136 1902 expugnat.
1181 1820 1301 1901 Dispo-

346 1942 468 1984 sueram
492 1930 599 1983 tamen
624 1919 714 1981 silere
739 1919 778 1982 de
802 1920 964 1996 mollibuS,
983 1921 1038 2004 qui
1062 1922 1144 1983 sicut
1165 1923 1300 2000 ignomi-

346 2022 438 2097 niosi,
456 2023 500 2083 ita
523 2029 597 2083 suut
612 2033 644 2082 et
658 2019 807 2082 videntur
830 2021 1085 2084 innominabiles.
1133 2022 1300 2084 Silentium

344 2122 1301 2199 indicitrevereutiamorum,etverecundusanimus,natura

348 2222 500 2313 dictante,
513 2224 639 2285 illorum
656 2221 798 2286 declinat
813 2235 987 2306 aspectum.
1032 2210 1117 2297 Quid
1134 2223 1256 2287 multa?

452 2333 481 2383 Si
492 2335 585 2382 natura
596 2333 686 2396 negat,
698 2328 762 2380 facit
773 2330 918 2396 indignatio
929 2331 1046 2382 verbum.

349 2428 442 2513 Apud
452 2430 530 2491 istos
540 2449 591 2490 ars
600 2437 649 2489 est
659 2449 747 2488 suam
759 2427 945 2508 pudicitiam
956 2423 1156 2509 prostituere,
1166 2430 1300 2493 alienam

347 2532 478 2607 violare,
490 2530 539 2590 rel
554 2550 748 2611 oppugnare.
780 2531 810 2590 N
813 2550 850 2590 ec
864 2528 994 2610 quidem
1007 2528 1194 2610 simpliciter
1202 2553 1303 2607 suam,

347 2654 443 2715 quum
467 2629 660 2692 matrimonii
681 2640 873 2691 temerentur
889 2630 973 2710 jura,
989 2641 1021 2690 et
1041 2629 1186 2712 conjugis
1211 2630 1300 2692 adul·

350 2736 463 2797 terium
486 2733 608 2816 conjux
630 2742 788 2814 procuret
834 2732 922 2792 Dum
946 2728 1106 2809 egreditur
1128 2752 1247 2812 sponsa
1262 2733 1302 2795 de

346 2835 485 2898 thalamo
517 2854 587 2909 suo,
611 2831 782 2914 conjugem
809 2832 876 2892 noli
902 2831 1050 2892 maritum
1080 2829 1218 2910 eredere,
1245 2829 1302 2893 sed

347 2936 504 2997 lenonem.
555 2931 710 2993 Producit
736 2953 816 3008 eam,
844 2931 1026 2993 libidinosis
1052 2930 1194 3012 exponit,
1220 2940 1252 2992 et
1275 2929 1302 2990 si

347 3055 420 3117 spes
443 3034 545 3097 dolosi
569 3034 690 3095 nummi
713 3034 878 3113 refulgeat,
900 3034 1035 3095 affectus
1062 3031 1179 3095 callida
1205 3032 1301 3093 simu·

344 3136 464 3198 latione
476 3135 648 3218 prostituit.
680 3136 705 3195 F
706 3134 911 3215 ilianamque
928 3133 1101 3211 decentior,
1112 3139 1166 3193 aut
1181 3131 1207 3192 si
1223 3130 1302 3214 quid

347 3233 434 3297 aliud
457 3235 492 3298 in
513 3235 635 3298 familia
655 3234 783 3314 placeat
806 3233 924 3307 ditiori,
946 3234 1077 3315 publiea
1100 3253 1221 3294 merces
1244 3242 1302 3309 est,

348 3336 498 3420 exposita
523 3334 667 3418 quidem,
690 3336 716 3397 si
740 3347 914 3417 emptorem
942 3334 1093 3396 inveniat.
1139 3332 1204 3396 Sed
1225 3333 1302 3396 licet

342 3437 449 3521 justus
460 3437 553 3499 dolor
565 3457 621 3499 eos
634 3436 836 3519 aliquatenus
848 3436 980 3511 cruciet,
991 3436 1046 3517 qui
1058 3435 1117 3496 tori
1129 3434 1302 3518 participes

346 3537 529 3613 admittunt,
538 3550 593 3599 aut
608 3536 743 3611 l'aciuut3
765 3535 920 3617 aegritudo
933 3546 1040 3598 tamen
1055 3536 1198 3598 utilitatis
1214 3557 1301 3598 eom-

346 3636 466 3720 pendio
481 3638 650 3717 mitigatur,
668 3639 718 3699 vel
734 3638 846 3700 saltem
868 3637 987 3699 doloris
1008 3635 1186 3698 dissimulat
1200 3638 1301 3700 cruci·

346 3750 443 3801 atum.
490 3738 525 3799 Si
548 3738 634 3800 enim
657 3758 706 3799 res
729 3738 810 3799 serio
834 3750 955 3817 agatur,
972 3738 1000 3799 si
1021 3738 1121 3798 libera
1144 3735 1302 3801 donentur

347 3840 474 3901 cunetis
490 3838 629 3921 judicia,
651 3859 716 3900 non
740 3849 788 3900 est
811 3839 912 3913 dolor,
933 3840 1016 3902 sicut
1041 3837 1132 3901 dolor
1153 3840 1217 3916 ille,
1238 3861 1301 3922 000

348 3958 463 4021 corpus
480 3959 573 4001 suum
589 3937 662 4020 quis
674 3937 759 4000 ridet
774 3940 877 4001 aliena
894 3940 1027 4003 libidine
1038 3941 1149 4022 pollui.
1178 3940 1303 4003 Caetera

348 4058 486 4121 namque
499 4050 632 4120 peccata
644 4050 734 4098 extra
750 4059 866 4121 corpus
878 4052 966 4114 sunt;
984 4040 1040 4102 sed
1056 4041 1110 4122 qui
1120 4040 1301 4115 fornicatur,

346 4137 379 4198 in
405 4160 521 4221 corpus
543 4160 633 4201 suum
656 4148 777 4219 peccat.
826 4140 913 4216 Hoc,
928 4140 1044 4221 iuquit,
1060 4161 1095 4200 os
1115 4160 1154 4199 ex
1178 4137 1303 4201 ossibus

350 4236 438 4317 meis,
455 4252 486 4302 et
502 4261 575 4302 caro
598 4237 638 4300 de
659 4260 753 4301 carne
771 4260 852 4313 mea,
869 4250 903 4300 ut
920 4240 989 4322 jam
1014 4260 1079 4299 non
1101 4238 1164 4299 duo
1180 4236 1243 4299 sint
1259 4239 1303 4300 vir
