3309 5309
220 666 290 712 car.
306 644 393 727 xus]
600 660 853 710 contemnens.
1110 652 1174 713 109

216 816 379 891 futurum,
391 813 450 878 etsi
466 812 607 899 plerique
622 837 684 878 non
700 815 853 901 recipiant
865 815 955 879 illum
972 838 1062 902 posse
1078 818 1169 893 scire,

218 930 361 981 autnon
384 938 475 1000 posse
498 919 577 979 scire
598 919 659 980 hoc
681 938 747 979 esse
769 915 928 992 futurum,
951 939 991 980 ne
1013 919 1041 980 ei
1068 932 1173 982 muta-

220 1018 354 1083 bilitatis
370 1017 624 1102 velimpotentiae
635 1032 740 1081 notam
757 1018 884 1081 inurere
901 1019 1075 1084 videantur.
1107 1020 1170 1084 Sed

221 1135 289 1186 esto
304 1132 341 1184 ut
357 1123 458 1195 Deus,
474 1119 624 1203 quoniam
644 1118 703 1182 hoc
718 1119 862 1205 plerique
878 1120 1048 1204 recipiunt,
1063 1121 1175 1206 possit,

222 1221 300 1284 dum
316 1235 421 1284 tamen
439 1220 463 1283 si
479 1220 546 1282 lieri
568 1232 672 1305 potest
693 1221 860 1304 positione,
876 1234 931 1286 aut
951 1222 1173 1308 conjunctione

222 1346 285 1387 non
301 1345 422 1408 pecces,
438 1321 516 1384 scire
531 1321 618 1407 quod
633 1344 696 1384 non
717 1322 787 1396 scit,
803 1345 866 1385 non
886 1323 928 1387 ob
943 1325 1002 1388 hoc
1017 1348 1089 1389 eum
1105 1347 1172 1387 esse

222 1424 407 1488 mutabilem
424 1423 498 1507 quis
515 1422 684 1499 convincit,
699 1423 792 1507 cujus
808 1423 949 1485 scientiae
964 1446 1026 1487 non
1046 1424 1171 1488 decedit

221 1525 342 1611 aliquid
358 1522 409 1588 vel
424 1524 556 1603 accedit,
571 1544 671 1609 quum
688 1523 767 1586 illud
778 1523 879 1586 solum
895 1526 927 1586 in
940 1546 1045 1587 rerum
1058 1538 1174 1589 natura

225 1648 335 1690 verum
357 1648 424 1689 esse
443 1629 618 1708 contingat,
635 1624 720 1710 quod
744 1623 798 1687 ille
817 1625 859 1688 ab
879 1622 970 1687 initio
992 1625 1174 1691 stabilitatis

223 1752 290 1793 snae
315 1740 435 1813 puncto
464 1727 613 1812 praefixit.
668 1730 756 1790 Dum
785 1738 891 1790 tamen
921 1727 980 1789 hoc
1009 1727 1173 1812 recipitur,

222 1830 419 1895 exactissima
440 1829 606 1914 diligentia
628 1829 871 1915 praecavendum
893 1841 951 1907 est,
968 1851 1007 1891 ne
1027 1830 1175 1913 cognatio

223 1933 389 1996 modorum
410 1930 499 1994 verbi
514 1954 608 2015 quam
635 1929 827 2015 Apollonius
848 1929 985 2008 inducit,
1000 1931 1173 2015 quicquam

224 2031 366 2119 perfidioe
395 2033 520 2114 ingerat
545 2043 601 2095 aut
631 2029 789 2094 falsitatis.
838 2033 920 2094 Haec
948 2033 1018 2116 ipsa
1046 2053 1175 2116 quoque

224 2133 417 2220 possibilitas
443 2131 616 2211 eveniendi,
642 2154 704 2195 non
734 2131 857 2196 levitati
887 2131 999 2217 ipsius,
1025 2133 1082 2217 qui
1111 2155 1175 2196 nou

226 2248 382 2310 movetur,
407 2234 461 2298 sed
488 2257 593 2298 rerum
616 2233 771 2310 facilitati,
796 2259 870 2321 quae
896 2248 1012 2299 natura
1036 2258 1101 2301 non
1127 2235 1174 2297 in·

225 2337 376 2421 dignante
406 2337 526 2400 moveri
549 2350 695 2421 possunt,
723 2338 945 2400 convenienter
971 2335 1173 2402 adscribitur.

225 2441 336 2501 Manet
356 2438 464 2523 itaque
483 2460 713 2523 usquequaque
735 2437 905 2500 immobilis
927 2439 1093 2522 integritas
1115 2436 1175 2500 sci-

226 2539 321 2603 entioe
335 2539 407 2620 Dei,
422 2552 454 2605 et
475 2539 501 2602 si
522 2539 600 2624 quid
623 2538 784 2601 varietatis
803 2538 898 2602 alicui
918 2539 1012 2612 inest,
1027 2560 1089 2600 nou
1112 2550 1176 2602 tam

227 2641 352 2706 scientis
367 2665 463 2728 quam
487 2641 636 2706 scitorum
660 2640 857 2705 mutabilitas
878 2650 934 2702 est.
980 2639 1072 2702 Licet
1094 2640 1177 2703 enim

224 2765 301 2827 quae
331 2742 459 2806 scientia
486 2741 548 2805 Dei
577 2740 812 2825 complectitur,
837 2738 1044 2803 mutabilitati
1071 2739 1179 2825 subja-

226 2858 328 2923 ceant,
350 2844 418 2928 ipsa
441 2855 545 2905 tamen
568 2840 763 2905 alterationis
786 2841 869 2904 vices
894 2841 1033 2925 ignorat,
1054 2853 1086 2905 et
1113 2864 1178 2905 uno

227 2945 381 3030 singulari
397 2954 526 3028 aspectu
542 2957 574 3006 et
592 2942 771 3022 individuo,
786 2942 928 3005 omnium
945 2964 1017 3027 quae
1032 2940 1106 3016 dici,
1122 2954 1179 3007 aut

225 3066 421 3132 quocunque
451 3065 544 3107 sensu
569 3043 742 3126 excogitari
769 3057 915 3128 possunt,
942 3042 1179 3106 universitatem

224 3145 362 3222 claudit,
384 3159 414 3208 et
436 3144 594 3207 continet:
626 3145 705 3207 adeo
725 3144 854 3228 quidem
879 3143 944 3207 sine
966 3157 1053 3209 motu
1078 3162 1114 3209 ut
1137 3145 1181 3208 lo-

226 3248 307 3312 calia
330 3249 396 3310 sine
419 3246 499 3322 loco,
512 3246 678 3328 ‚nascentia
701 3246 767 3308 sine
788 3245 888 3325 initio,
909 3245 1093 3310 decedentia
1114 3247 1180 3310 sine

226 3350 299 3425 fine,
315 3347 505 3412 fluctuantia
521 3346 587 3411 sine
610 3346 809 3423 alteratione,
826 3347 1013 3431 temporalia
1028 3349 1094 3411 siue
1109 3371 1179 3412 rnu-

230 3450 397 3524 tabilitate,
414 3462 446 3514 et
466 3471 564 3523 mora,
582 3448 624 3512 sic
648 3448 850 3512 uniformiter
869 3449 1120 3534 comprehendit,
1142 3463 1178 3514 ut

229 3551 258 3615 ei
287 3573 345 3615 nec
375 3549 540 3635 praeterita
570 3562 743 3625 transeant,
772 3572 827 3612 nec
858 3550 970 3613 futura
999 3551 1179 3616 succedant.

229 3653 297 3715 Nec
317 3651 432 3715 mirum
456 3651 515 3714 hoc
538 3650 569 3713 in
589 3651 776 3715 aternitatis
798 3664 898 3728 statu,
914 3651 973 3715 nisi
997 3652 1071 3737 quia
1090 3655 1178 3739 quic·

228 3753 305 3839 quid
322 3753 368 3816 ibi
383 3766 441 3827 est,
457 3752 601 3815 mirabile
611 3764 669 3834 est,
680 3775 780 3839 quum
791 3767 823 3816 et
833 3753 864 3816 in
877 3753 968 3817 nobis
980 3754 1180 3819 mutabilium

227 3866 350 3918 motum
367 3867 399 3917 et
414 3851 632 3917 festinantium
656 3874 783 3916 cursum
803 3853 1003 3938 aliquatenus
1018 3855 1182 3940 quiescens

228 3953 473 4040 comprehendat
509 3968 664 4038 aspectus.
727 3955 913 4042 Intelleptus
948 3980 1078 4042 quoque
1115 3978 1180 4018 rem

228 4078 373 4140 maguam
405 4055 471 4121 sine
500 4055 702 4131 distensione,
730 4068 760 4120 et
792 4056 857 4121 sine
887 4058 1101 4121 contractione
1132 4055 1181 4118 sui

228 4179 294 4220 rem
317 4157 472 4220 modicam
496 4157 740 4243 contemplatur,
762 4181 818 4221 nec
841 4159 910 4222 loco
932 4159 1054 4240 indiget
1078 4166 1114 4217 ut
1137 4159 1182 4217 lo-

229 4257 309 4323 calia
331 4257 472 4335 claudat,
494 4270 550 4321 aut
575 4257 749 4342 spatiorum
773 4257 949 4321 interstitiis
973 4270 1008 4319 ut
1031 4253 1183 4318 distantia
