3309 5309
435 641 574 687 cAP.
608 625 730 701 1v.]
893 609 901 618 ’
1130 637 1640 684 Potrcnarmus.
2256 625 2339 684 25

435 795 679 878 quippe
755 793 1052 857 Chironis
1124 793 1508 871 habuerunt,
1565 792 1738 855 unde
1795 791 1939 855 haec
1999 791 2336 858 discerent.

434 894 661 958 Caveri
717 914 998 975 namque
1045 879 1356 978 jubentur
1414 892 1707 957 convivia
1764 891 2250 973 Centaurorum,
2301 917 2341 959 a

435 996 671 1080 quibus
729 996 867 1059 sine
925 995 1223 1059 cicatrice
1288 1016 1478 1058 nemo
1547 994 1897 1058 revertitur.
2019 995 2212 1068 Quod
2282 998 2339 1060 si

436 1095 739 1168 historiis,
764 1109 926 1179 quas
946 1094 1081 1158 suis
1111 1105 1319 1178 poetae
1344 1093 1787 1158 decoloravere
1809 1094 2153 1176 figmentiS,
2175 1095 2339 1161 fides

435 1196 855 1260 subtrahitur:
917 1195 1010 1258 illi
1039 1195 1259 1279 utique
1290 1194 1467 1258 credi
1494 1215 1760 1259 necesse
1796 1207 1913 1274 est,
1944 1216 2088 1279 quae
2133 1217 2217 1260 ex
2260 1218 2339 1260 eo

434 1296 612 1379 quod
635 1295 874 1378 scripta
891 1306 990 1359 est
1012 1296 1141 1359 Dei
1163 1295 1386 1378 digito,
1406 1294 1908 1377 irrefragabilem
1928 1296 2100 1379 apud
2117 1318 2341 1362 omnes

435 1406 662 1478 gentes
691 1397 910 1459 sortita
938 1412 1039 1460 est
1066 1398 1532 1461 auctoritatem.
1621 1397 1875 1460 Primus
1903 1418 2053 1479 ergo
2083 1398 2342 1481 ponitur

435 1497 748 1560 Nemroth
794 1498 1091 1560 robustus
1137 1507 1397 1560 venator
1441 1508 1664 1560 contra
1710 1499 2112 1562 Dominum·
2168 1501 2340 1564 Eum

435 1598 782 1682 reprobum
811 1597 1009 1660 fuisse
1053 1619 1188 1660 non
1231 1597 1523 1679 ambigis,
1552 1619 1744 1681 quem
1788 1599 2075 1662 omnium
2120 1600 2339 1666 docto·

437 1721 577 1763 rum
607 1700 795 1763 turba
837 1698 1242 1763 condemnat.
1330 1699 1632 1764 Traditur
1674 1699 1780 1763 hic
1822 1701 1892 1762 in
1936 1709 2175 1765 tantam
2218 1703 2344 1766 ela-

436 1802 631 1865 tionis
676 1800 962 1885 erupisse
1006 1801 1391 1881 vecordiam,
1434 1812 1505 1865 ut
1538 1823 1671 1865 non
1716 1811 2037 1865 vereretur
2067 1802 2218 1887 jura
2252 1814 2344 1870 te-

436 1925 676 1969 merare
699 1915 963 1982 naturae,
982 1924 1178 1987 quum
1202 1914 1532 1968 consortes
1553 1902 1963 1979 conditioniS,
1985 1916 2049 1969 et
2068 1908 2342 1988 generiS,

439 2029 600 2092 quos
643 2007 958 2088 ingenuos
986 2006 1099 2069 illa
1141 2016 1484 2084 creaverat,
1513 2007 1618 2070 hic
1665 2005 1995 2070 addiceret
2036 2007 2339 2073 servituti.

437 2106 825 2191 Tyrannidis
854 2129 1005 2190 ergo
1033 2107 1356 2190 fastigium
1385 2108 1452 2171 in
1485 2108 1939 2173 contumeliam
1972 2111 2273 2174 creatoris
2302 2133 2343 2175 a

437 2219 738 2272 venatore
766 2208 1105 2290 incipienS,
1128 2209 1322 2272 alium
1346 2228 1477 2274 non
1506 2209 1756 2272 invenit
1784 2220 2125 2288 auctorem,
2150 2232 2340 2295 quam

440 2331 588 2374 eum
638 2311 749 2394 qui
798 2309 865 2372 in
918 2302 1095 2373 ciede
1145 2309 1438 2388 ferarum,
1490 2320 1556 2373 et
1606 2311 1938 2373 volutabro
1991 2312 2342 2392 sanguini8‚

440 2413 709 2476 Domini
740 2422 1175 2494 contemptum
1205 2410 1557 2476 didicisset.
1647 2410 1868 2494 Coepit
1895 2412 2066 2474 enim
2112 2423 2341 2496 potens

440 2536 581 2578 esse
611 2515 678 2576 in
724 2527 905 2576 terra.
994 2512 1105 2576 Sic
1147 2533 1426 2596 namque
1473 2512 1783 2595 scriptum
1830 2523 1959 2575 est:
2018 2514 2124 2576 Eo
2169 2513 2344 2598 quod

439 2636 570 2678 non
600 2614 1052 2699 expectaverit,
1084 2623 1154 2676 ut
1182 2614 1508 2696 acciperet
1536 2633 1575 2675 a
1621 2608 1904 2675 Domino
1949 2621 2341 2696 potestatem.

443 2717 841 2801 Principium
884 2716 1063 2797 regni
1107 2715 1244 2799 ejus
1296 2714 1619 2795 Babylon,
1665 2713 2084 2798 dilatatusque
2136 2726 2234 2779 est
2273 2717 2345 2779 in

439 2833 666 2884 terram
692 2820 1000 2895 Sennaar,
1023 2819 1134 2881 ubi
1165 2838 1364 2901 quum
1396 2828 1530 2880 tota
1559 2827 1725 2880 terra
1754 2829 1921 2881 esset
1949 2818 2139 2882 unius
2165 2820 2344 2897 labii,

440 2919 912 3002 eorundemque
959 2940 1340 2995 sermonum,
1369 2919 1436 2980 in
1483 2919 1719 2981 coelum
1766 2930 1981 2981 erecta
2016 2927 2113 2982 est
2156 2921 2343 2982 turris

445 3019 674 3095 Babel,
722 3020 970 3081 habens
1018 3020 1250 3081 lateres
1308 3039 1422 3100 pro
1481 3016 1830 3100 lapidibus,
1882 3019 2169 3081 bitumen
2228 3040 2342 3101 pro

446 3130 784 3195 caemento,
811 3140 943 3181 non
986 3119 1232 3181 habens
1259 3116 1327 3179 in
1361 3116 1779 3179 fundamento
1822 3126 2102 3200 petram3
2161 3120 2344 3204 cujus

441 3221 751 3303 singulari
791 3216 1109 3282 soliditate
1156 3228 1416 3296 structa,
1446 3217 1654 3280 omnis
1692 3216 2045 3281 ‘aedificatio
2091 3219 2159 3282 in
2207 3221 2345 3285 Do-

441 3325 621 3388 mino
649 3320 1058 3386 convalescit.
1149 3321 1235 3382 At
1278 3320 1570 3402 improba
1613 3319 1929 3383 temeritas
1973 3323 2055 3385 ab
2101 3322 2345 3389 unitate

440 3423 732 3506 praecisa,
757 3421 1115 3502 linguarum
1160 3418 1434 3482 succidit
1477 3419 1805 3498 unitatem,
1836 3430 1901 3483 et
1941 3421 2150 3508 prima
2192 3445 2344 3488 con-

436 3524 755 3586 fiisionem
784 3521 1034 3601 meruit,
1062 3543 1205 3605 quae
1235 3522 1301 3584 in
1334 3542 1403 3584 se
1434 3542 1626 3606 quam
1658 3522 1724 3585 in
1772 3522 1916 3586 Deo
1946 3525 2170 3588 maluit
2207 3528 2341 3608 glo·

440 3625 602 3688 riari.
710 3623 934 3687 Exivit
991 3622 1074 3686 ab
1125 3622 1250 3686 hoc
1311 3623 1741 3707 proverbium,
1785 3624 1984 3696 Quasi
2032 3625 2343 3692 Nemroth

439 3729 738 3790 robustus
786 3734 1047 3788 venator
1097 3744 1312 3787 coram
1365 3723 1674 3801 Domin0,
1722 3723 1884 3787 forte
1946 3725 2099 3807 quia
2149 3737 2344 3794 tantae

325 3843 340 3861 ·
441 3827 741 3891 elationis
779 3827 848 3889 in
893 3846 960 3888 se
1013 3824 1246 3902 extitit,
1275 3834 1347 3887 ut
1394 3845 1515 3887 nec
1562 3823 1838 3887 recentis
1879 3845 2074 3907 poena
2121 3824 2346 3890 diluvii

442 3945 664 4012 posset
704 3929 950 4006 instrui,
992 3927 1148 4010 quin
1193 3929 1262 3989 in
1305 3926 1510 3991 oculis
1553 3925 1822 3990 Domini
1864 3926 2241 4009 superbiret,
2283 3940 2349 3994 et

442 4031 822 4115 obsequium
855 4029 1027 4114 quod
1074 4029 1156 4093 ab
1198 4028 1459 4091 homine
1488 4027 1773 4090 Domino
1820 4025 2193 4104 debebatur,
2221 4029 2355 4109 sibi·

443 4132 903 4195 contumaciter
923 4142 1288 4213 usurparet3
1338 4150 1534 4212 quum
1557 4138 1808 4192 constet
1831 4124 2007 4208 quod
2027 4125 2345 4191 confusio-

445 4255 595 4296 nem
638 4233 994 4314 linguarum
1041 4231 1348 4296 diluvium
1393 4229 1758 4296 antecessit.
1845 4223 2166 4310 Babylon,
2206 4220 2346 4308 qui-
