3309 5309
344 667 407 725 212
603 675 738 720 ioannis
754 676 1036 721 sxrrasuamsnsrs
1146 662 1229 740 [tm.
1246 679 1295 723 iu.

350 851 458 892 earum
473 827 634 890 interdum
649 847 744 889 manu
761 826 935 905 conferens,
950 826 1157 892 discernebat.
1195 833 1300 903 Quum

350 952 427 1011 ergo
438 927 567 991 Caecilio
579 927 689 1003 invito,
702 948 767 990 rem
782 940 816 991 ut
833 927 950 993 faceret
966 929 1104 993 Senatus
1113 930 1299 993 auctoritate

350 1029 580 1107 denunciasset,
596 1040 631 1091 ut
647 1028 675 1091 ei
698 1028 865 1092 videbatur
886 1029 1050 1114 injustam,
1066 1033 1167 1103 Ante,
1189 1030 1299 1115 inquit,

349 1130 512 1195 satiaberis
531 1130 720 1212 margaritis.
765 1135 808 1194 At
830 1130 897 1192 haec
918 1130 1001 1193 forte
1016 1143 1073 1194 aut
1094 1132 1199 1194 aliena
1220 1130 1300 1193 vide-

347 1235 481 1310 buntur,
496 1249 528 1298 et
549 1256 620 1317 qnae
637 1233 695 1295 viri
718 1232 810 1295 fortis
824 1233 948 1296 animus
969 1233 1133 1297 honestius
1156 1234 1299 1298 dissimu-

348 1341 437 1399 laret.
483 1336 600 1397 Verum
624 1347 656 1397 et
670 1333 783 1398 famosi
806 1333 905 1397 libelli
923 1334 968 1397 ‘de
983 1358 1021 1397 eo
1042 1335 1152 1420 scripti
1169 1347 1254 1410 sunt,
1268 1346 1296 1398 et

344 1435 503 1521 jocularia
526 1435 664 1498 carmina
689 1434 720 1497 in
744 1457 816 1497 eum
844 1435 971 1519 publice
992 1436 1172 1521 divulgata,
1194 1448 1232 1500 ut
1254 1448 1296 1499 est

346 1534 427 1598 illud
445 1534 582 1598 militum
596 1535 629 1596 in
646 1533 810 1618 triumpho
826 1533 951 1597 Gallico
965 1534 1172 1613 celebratum,

454 1689 554 1741 Gallias
567 1688 656 1740 Cresar
667 1688 779 1754 subegit,
792 1686 952 1739 Nicomedes
964 1686 1104 1751 Caesarem,

454 1776 611 1828 Nicomedes
622 1791 673 1826 non
684 1774 825 1844 triumphat
837 1774 881 1842 qui
892 1774 997 1840 subegit
1009 1773 1150 1828 Caesarem.

348 1926 399 1986 Eo
409 1921 496 2005 quod
510 1918 696 1982 Nicomedes
710 1920 780 1981 Rex
795 1918 957 2003 Bithyniae
969 1922 1126 1985 Caesarem
1138 1919 1297 1983 serebatur

348 2037 460 2107 stupro
485 2021 656 2104 subegisse,
681 2020 712 2082 in
740 2019 922 2083 ulteriorem
948 2020 1196 2085 familiaritatem
1223 2021 1296 2084 dum

344 2123 455 2208 junior
470 2133 550 2184 esset
571 2120 754 2184 admissum.
801 2120 1000 2185 Facilitatem
1019 2144 1151 2207 quoque
1168 2121 1299 2186 Caesaris

347 2225 380 2285 in
392 2219 538 2304 augendo
552 2222 669 2283 Senatu
681 2223 792 2287 Cicero
804 2221 898 2285 nimis
910 2225 1023 2285 acriter
1033 2235 1064 2285 et
1076 2222 1182 2308 palam
1193 2221 1297 2286 irrisit.

349 2322 432 2383 Nam
454 2342 553 2403 quum
573 2320 613 2382 ab
634 2319 760 2405 hospite
778 2344 836 2384 suo
856 2324 892 2386 P.
915 2321 1037 2385 Manlio
1062 2334 1242 2407 rogaretur,
1265 2333 1298 2386 ut

347 2419 495 2507 privigno
518 2443 576 2482 suo
599 2419 838 2484 decurionatum
863 2423 1042 2504 expediret,
1066 2424 1112 2486 ait
1138 2423 1298 2487 assistente

345 2524 537 2608 frequentia,
550 2520 661 2585 Romae
677 2521 703 2584 si
716 2523 763 2585 vis
778 2522 919 2611 habehit,
929 2522 1089 2608 Pompeiis
1103 2522 1232 2586 difficile
1243 2536 1297 2588 est.

350 2623 412 2687 Sed
428 2635 460 2685 et
480 2623 512 2684 iu
529 2620 674 2707 Epistola
697 2622 736 2685 ad
754 2624 792 2685 C.
810 2623 954 2687 Cassium
979 2621 1167 2686 violatorem
1190 2623 1296 2688 Dicta-

344 2725 426 2788 toris
446 2722 625 2786 mordacius
644 2721 786 2808 scripsit:
819 2722 939 2784 Vellem
963 2721 1078 2785 ldibus
1100 2723 1230 2788 Martiis
1250 2747 1297 2788 me

347 2825 387 2888 ad
400 2846 520 2888 coenam
533 2824 710 2898 invitasses,
720 2823 863 2908 profecto
872 2822 1076 2907 reliquiarum
1089 2822 1169 2887 nihil
1182 2823 1298 2906 fuisset,

347 2948 431 2990 nunc
458 2947 508 2987 me
533 2924 675 3008 reliquiae
700 2938 814 2987 vestrae
840 2938 998 2987 exercent.
1046 2924 1108 2987 Sed
1132 2927 1299 3010 Augustus

347 3027 484 3091 fortunae
505 3025 606 3099 favor,
629 3036 662 3087 et
685 3024 821 3086 Romani
849 3025 945 3087 decus
973 3025 1118 3109 Imperii,
1140 3027 1297 3089 avunculo

348 3153 406 3194 suo
420 3133 440 3194 J
444 3127 508 3191 ulio
523 3127 616 3209 longe
631 3125 802 3211 patientior
816 3124 934 3188 extitit.
980 3126 1088 3200 Quum
1103 3127 1187 3190 enim
1203 3131 1298 3191 Anto-

346 3229 418 3293 nius
432 3242 605 3292 maternam
626 3228 694 3311 ejus
714 3226 867 3309 originem
890 3225 1077 3312 despiciens,
1093 3250 1166 3291 eum
1185 3229 1297 3292 Afrum

346 3354 471 3415 genere,
490 3346 521 3393 et
544 3343 659 3393 natura
681 3327 851 3413 panificum
873 3327 1004 3407 diceret,
1020 3329 1081 3393 hoc
1103 3329 1209 3394 ridens
1230 3351 1298 3414 per-

348 3430 434 3504 tulit,
448 3443 479 3493 et
500 3430 635 3494 eundem
657 3452 762 3492 sorore
784 3429 903 3492 tradita
925 3428 956 3491 in
980 3429 1142 3494 affinitatis
1162 3432 1295 3515 gratiam

347 3529 484 3596 admisit.
508 3531 615 3606 Quum
627 3552 700 3592 vero
708 3530 791 3593 idem
802 3529 954 3592 adversus
965 3530 1128 3615 privatum
1140 3533 1297 3615 quendam

348 3634 478 3713 gravius
490 3630 742 3705 excandesceret,
753 3634 910 3715 Loquere,
927 3630 1044 3715 inquit,
1055 3635 1203 3716 Anguste
1213 3634 1298 3718 quod

345 3730 461 3817 placet,
471 3731 548 3814 quia
559 3730 753 3814 diligentiam
766 3731 910 3807 auribus,
921 3731 1039 3815 linguae
1050 3731 1298 3797 taciturnitatem

345 3830 457 3905 indixi,
471 3831 610 3914 quietem
628 3831 785 3907 manibus,
802 3844 833 3895 et
850 3831 881 3893 in
900 3832 1048 3896 omnibus
1063 3832 1113 3896 his
1127 3834 1297 3919 potentiam

343 3950 433 3996 tuam
449 3952 572 4003 accusa,
589 3930 664 4014 quia
678 3930 755 3992 nihil
770 3930 858 3994 aliud
874 3930 964 4014 argui
979 3945 1085 4016 potest
1099 3933 1134 3994 in
1149 3932 1297 4018 patientia

345 4055 425 4096 mea.
471 4029 519 4094 Ad
542 4029 610 4093 baec
632 4051 692 4090 non
714 4031 808 4093 modo
830 4032 916 4094 inse
938 4032 1084 4096 servabat
1102 4033 1295 4118 patientiam,

345 4134 399 4196 sed
412 4132 541 4195 eandem
555 4127 624 4192 aliis
635 4127 802 4192 indicebat.
835 4129 930 4195 Unde
942 4152 1042 4214 quum
1059 4130 1208 4195 Tiberius
1222 4155 1295 4217 que-

347 4247 470 4300 reretur
484 4253 541 4316 per
555 4229 720 4315 epistolam
736 4252 837 4306 suam,
850 4229 938 4314 quod
953 4230 1047 4295 multi
1062 4230 1104 4295 de
1118 4231 1175 4295 illo
1189 4254 1294 4320 perpe·
