3309 5309
344 680 381 737 16
602 687 737 733 saturus
753 680 1030 730 strassenrausrs
1170 658 1252 736 [ura.
1271 677 1294 719 r.

346 856 421 908 sunt
449 841 640 904 dubitabilia
668 837 817 923 sapienti,
847 837 887 898 ab
917 853 1026 897 eorum
1056 829 1200 909 vestigiis
1230 849 1296 890 non

345 944 470 1010 recedo
516 941 610 1007 Licet
624 941 710 1005 enim
726 949 816 1004 secta
838 939 907 1001 lraec
922 935 1070 999 tenebras
1085 933 1180 995 rebus
1195 930 1300 993 omni·

346 1050 408 1111 bus
438 1045 580 1109 videatur
608 1044 771 1121 inducere,
800 1041 889 1103 nulla
918 1036 1040 1101 veritati
1073 1030 1299 1097 examinanda

347 1147 483 1223 fidelior,
497 1154 540 1223 at,
554 1157 683 1208 auctore
699 1143 867 1219 Cicerone,
876 1139 932 1222 qui
947 1135 988 1200 ad
1003 1156 1071 1198 eam
1087 1135 1118 1196 in
1134 1139 1300 1196 senectute

349 1249 486 1326 divertit,
501 1248 589 1311 nulla
611 1244 769 1329 profectui
790 1240 975 1306 familiarior
988 1246 1045 1301 est
1094 1234 1135 1296 Iu
1157 1234 1208 1297 his
1222 1254 1301 1313 ergo

351 1372 423 1434 quaa
446 1347 625 1412 incidenter
650 1347 690 1410 de
711 1341 924 1430 providentia,
946 1350 979 1403 et
1003 1339 1080 1413 sato,
1103 1346 1135 1401 et
1156 1337 1303 1397 libertate

351 1450 483 1521 arbitrii,
511 1460 544 1514 et
573 1449 731 1512 similibus
761 1445 849 1509 dicta
877 1451 962 1521 sunt,
991 1461 1042 1503 me
1072 1436 1303 1502 Academicum

351 1554 460 1637 potius
484 1574 555 1616 esse
580 1553 719 1629 noveris,
742 1569 839 1632 quam
865 1567 972 1610 eorum
999 1565 1071 1626 quae
1094 1540 1193 1602 dubia
1218 1548 1304 1614 sunt,
1360 1567 1362 1572 ·

352 1652 552 1717 temerarium
569 1660 768 1716 assertorem.
813 1648 1046 1732 Scripturarum
1070 1661 1200 1726 quoque
1214 1639 1306 1702 testi·

354 1755 481 1830 moniis,
497 1753 539 1817 ad
559 1751 761 1818 commodum
778 1746 987 1832 explanandae
1010 1742 1187 1819 sententiaa,
1202 1761 1306 1824 quan-

355 1856 460 1939 doque
475 1877 551 1918 usus
566 1876 657 1929 sum;
686 1854 731 1915 ita
753 1861 871 1924 tamen,
886 1859 921 1909 ut
936 1846 1015 1909 nihil
1031 1843 1119 1919 fidei,
1135 1854 1189 1905 aut
1210 1842 1307 1904 bouis

356 1957 498 2019 moribus
515 1955 694 2016 inveniatur
717 1949 905 2022 adversum3
935 1966 973 2007 ac
997 1944 1024 2006 si
1045 1942 1218 2006 sententias
1242 1950 1309 2004 tam

356 2055 538 2127 modernas,
554 2074 649 2136 quam
664 2058 795 2122 veteres,
812 2046 924 2110 eadem
942 2041 1214 2109 incommutabilis
1229 2044 1311 2105 veri·

359 2167 408 2221 tas
423 2155 598 2238 genuisset.
643 2149 811 2236 Siquidem

757 2265 837 2319 facies
848 2284 899 2319 non
910 2266 1028 2320 omnibus
1039 2284 1100 2332 uua,

466 2355 529 2408 Non
540 2355 640 2407 diversa
651 2359 748 2418 tamen,
760 2351 864 2422 qualem
876 2352 952 2405 decet
963 2369 1020 2405 esse
1030 2370 1152 2405 sororum.

406 2452 524 2517 Omnia
537 2472 610 2514 vero
632 2460 686 2514 tuo
702 2463 901 2514 reservantur
922 2450 1074 2526 examini,
1089 2460 1125 2512 ut
1138 2448 1198 2511 tibi
1214 2448 1317 2533 major

363 2568 395 2622 et
411 2557 527 2641 justior
541 2554 731 2637 corrigendi,
747 2576 843 2638 quarn
857 2554 937 2616 mibi
953 2552 1115 2616 scribendi
1134 2552 1235 2633 gloria
1257 2551 1314 2615 de-

363 2661 485 2724 beatur.
533 2657 739 2741 Inaequalitas
767 2666 874 2720 autem
904 2655 1111 2730 voluminum,
1141 2653 1236 2716 rariis
1266 2665 1317 2716 est

364 2759 631 2844 occupationibus
650 2757 873 2834 adscribenda,
889 2757 1008 2840 quibus
1029 2758 1063 2819 iu
1086 2757 1173 2820 curia
1189 2756 1234 2819 sic
1251 2754 1317 2818 dis-

365 2872 484 2927 tractus
500 2883 581 2940 sum,
594 2871 630 2922 ut
644 2860 698 2922 rix
715 2859 838 2943 aliquid
861 2859 998 2922 scribere
1021 2858 1213 2942 quandoque
1235 2857 1316 2920 licu-

365 2965 433 3030 erit.
479 2964 566 3044 Dum
592 2970 698 3025 tamen
724 2962 878 3024 Tolosam
902 2961 1042 3043 cingitis,
1064 2962 1126 3024 ista
1151 2981 1318 3043 aggressus

367 3089 449 3146 sum,
471 3076 503 3130 et
524 3088 575 3130 mo
598 3065 770 3130 curialibus
791 3065 886 3147 nugis
911 3064 1076 3147 paulisper
1097 3062 1215 3140 ademi,
1236 3061 1318 3124 illud

367 3173 495 3235 volvens
517 3170 551 3232 iu
574 3167 692 3245 animo,
708 3169 785 3253 quia
804 3168 911 3232 ocium
933 3167 1002 3231 sina
1023 3166 1136 3230 litteris
1158 3175 1321 3244 moreest,

368 3283 401 3335 et
422 3272 484 3334 vivi
505 3271 646 3334 hominis
668 3273 839 3355 sepultura.
885 3270 919 3333 Si
942 3270 1014 3355 quis
1028 3272 1156 3352 ignotos
1175 3278 1323 3332 auctores

369 3391 442 3434 cum
452 3369 1167 3449 Lanuviocalumniaturautfictos,redirivum
1178 3370 1323 3434 Platonis

371 3468 555 3532 Africanum
593 3467 744 3531 Ciceroni
783 3470 1005 3547 somniantem,
1040 3484 1073 3533 et
1105 3470 1323 3553 Philosophos

372 3567 553 3632 Saturnalia
567 3578 762 3643 exercentes,
777 3579 919 3642 accuset,
935 3580 990 3632 aut
1004 3583 1179 3650 auctorum,
1194 3572 1325 3634 nostris·

374 3690 436 3754 que
451 3668 610 3751 tigmentis
625 3669 801 3752 indulgeat,
817 3671 844 3733 si
867 3671 1006 3752 publica
1022 3675 1162 3736 serviunt
1183 3674 1323 3736 utilitati.

374 3771 531 3834 Praeterea
544 3772 657 3834 lectori
672 3782 705 3835 et
720 3771 857 3835 auditori
872 3782 991 3855 quanta
1005 3795 1135 3856 possum
1154 3775 1324 3838 devotione

376 3871 535 3955 supplico,
556 3881 591 3934 ut
614 3893 664 3936 me
687 3873 769 3956 patri
792 3873 1078 3937 misericordiarum
1100 3876 1325 3940 commendare

377 3972 558 4053 dignentur,
572 3975 605 4036 in
622 3975 815 4038 orationibus
831 3975 917 4046 suis3
950 3983 982 4037 et
997 3975 1152 4038 erratibus
1167 3978 1255 4050 meis,
1272 3979 1326 4059 qui

377 4071 578 4156 multiplicati
604 4083 678 4136 sunt
703 4094 800 4157 super
824 4093 1003 4152 numerum,
1025 4073 1152 4135 veniam
1177 4073 1328 4137 studeant

377 4173 530 4239 obtinere.
576 4175 660 4237 Nam
685 4184 717 4238 et
745 4196 806 4256 ego
836 4195 930 4259 spero
958 4196 1009 4238 me
1038 4174 1230 4257 participem
1259 4195 1328 4237 esse

378 4277 519 4342 omnium
533 4277 709 4341 timentium
724 4277 919 4341 Dominum:
943 4287 976 4342 et
990 4275 1087 4341 corde
1102 4288 1134 4340 et
1145 4298 1223 4341 roca
1235 4277 1327 4341 vicis·
