3309 5309
406 629 426 686 8
666 643 802 687 ronnrus
817 642 1095 689 sunusnnmunsrs

407 801 496 863 Inter
511 792 728 879 multiloquos,
744 803 778 858 et
792 792 925 878 grandia
941 794 1037 859 verba
1051 805 1204 874 sarantes,

451 896 530 962 Esto
543 894 751 983 tardiloquus,
766 910 901 985 estoque
917 919 1018 983 pauca
1032 897 1175 984 loquens.

408 1001 496 1064 Dum
512 999 637 1084 linguas
652 1010 771 1064 acuunt
785 1000 850 1078 alii,
866 1000 925 1064 tibi
940 1001 1055 1065 calleat
1069 1000 1163 1078 auris,

453 1102 496 1166 Et
510 1102 551 1166 ait
566 1101 717 1167 Dulichio
732 1103 853 1187 remige
868 1103 964 1168 surda
979 1096 1090 1188 magis.

408 1211 439 1273 N
442 1227 479 1271 ec
494 1216 619 1270 tantum
635 1204 739 1270 valeat
753 1206 923 1270 temeraria
937 1205 1047 1289 lingua
1061 1205 1230 1292 loquentis,

453 1306 595 1373 Pectoris
610 1319 647 1371 ut
661 1308 760 1393 possit
775 1329 923 1393 rumpere
938 1307 1075 1372 claustra
1088 1308 1145 1375 tui.

410 1408 444 1472 Si
459 1409 583 1495 patiens
597 1409 705 1490 fueris,
720 1432 885 1497 nunquam
901 1409 959 1474 tibi
974 1411 1071 1475 verba
1085 1409 1258 1485 nocebunt,

452 1513 675 1602 Turbatorque
691 1526 756 1578 tnae
772 1536 867 1579 nemo
882 1513 998 1601 quietis
1012 1513 1082 1579 erit.

409 1615 559 1682 Excutiet
573 1640 696 1704 pacem,
712 1641 807 1707 quam
823 1619 879 1683 dat
895 1618 1057 1705 patientia,
1075 1618 1180 1683 nullus
1193 1644 1201 1692 ;

452 1717 499 1784 Sit
513 1717 589 1784 licet
603 1720 749 1795 exermis,
766 1719 901 1785 conterit
916 1742 1006 1784 arma
1020 1732 1140 1785 tamen.

409 1823 551 1888 Utantur
565 1824 691 1909 linguis,
708 1835 743 1887 tu
759 1824 878 1888 viribus
894 1823 1130 1899 moramentis,

454 1925 488 1989 Si
503 1925 604 2011 sapis:
624 1923 775 2006 alinguis
789 1924 890 2007 gloria
904 1945 1022 2006 magna
1037 1922 1135 1987 venit.

410 2026 495 2091 Nam
512 2049 585 2112 quae
600 2026 641 2090 sit
654 2025 798 2089 doctriua
814 2025 883 2105 viri,
897 2022 1052 2109 patientia
1066 2034 1230 2099 monstrat,

453 2127 645 2214 imbellique
661 2149 759 2191 manu
774 2126 860 2191 bella
875 2126 1012 2191 nefanda
1028 2126 1153 2212 premit.

411 2228 493 2305 Quis
507 2228 587 2293 feret
602 2239 770 2306 armatam,
787 2250 860 2315 quae
875 2228 941 2293 sola
956 2229 1130 2314 triumphat
1146 2227 1286 2309 inermis,

453 2337 687 2419 Armatamque
700 2326 834 2396 ¹manum
852 2331 977 2396 vincere
992 2330 1057 2396 sola
1073 2331 1176 2395 solet?

410 2435 470 2498 Vir
484 2435 608 2520 patiens
622 2435 694 2499 forti
710 2435 841 2511 malior;
864 2434 968 2498 minor
982 2456 1050 2500 esse
1065 2435 1245 2522 triumphus

454 2537 564 2620 Urbis,
579 2560 675 2624 quam
692 2538 808 2602 mentis
822 2538 948 2616 dicitur,
965 2550 1075 2625 estque
1091 2539 1204 2605 minor.

414 2642 535 2728 Sperne
551 2648 661 2720 malos,
679 2664 828 2708 venerare
844 2642 954 2724 bonos,
969 2643 1096 2727 ignosce
1112 2643 1230 2707 volenti

456 2745 601 2822 Laedere,
618 2744 706 2810 nnlla
720 2744 812 2809 bonis
826 2745 905 2809 ultio
920 2757 1010 2829 grata
1024 2747 1134 2829 magis.

412 2847 511 2912 Nulla
525 2848 627 2913 virum
639 2848 753 2912 fortem
770 2847 908 2912 vindicta
922 2848 1023 2932 magis
1037 2849 1131 2914 decet
1145 2850 1215 2927 ista,

454 2951 656 3037 Principibus
671 2973 797 3036 semper
811 2950 910 3016 debet
924 2951 1034 3015 adesse
1050 2951 1133 3016 viris.

412 3058 450 3120 In
467 3077 601 3144 quorum
619 3053 766 3119 manibus
782 3053 834 3118 lex
849 3054 875 3119 si
891 3054 976 3139 viget
992 3054 1104 3139 ignea;
1127 3054 1230 3140 punit,

454 3160 541 3225 Dum
557 3159 705 3223 miseret:
729 3157 809 3222 fidos
824 3157 900 3222 dnm
918 3157 1007 3246 cupit
1022 3179 1101 3237 esse,
1116 3157 1200 3222 facit.

411 3268 566 3329 Provocat
580 3262 621 3326 acl
636 3261 768 3344 lacinus,
783 3262 860 3327 dum
877 3261 967 3326 soevit
982 3261 1092 3348 iniqua
1106 3274 1253 3346 potestas,

454 3369 499 3429 Et
513 3363 573 3428 sibi
588 3363 746 3447 subjectos
762 3386 826 3428 uon
842 3364 917 3428 sinit
932 3387 999 3428 esse
1016 3364 1093 3449 pios.

411 3470 517 3535 Nemo
532 3465 634 3528 sciens
648 3464 739 3527 illum
754 3464 855 3541 loedit,
870 3488 966 3550 quem
982 3465 1084 3528 credit
1098 3466 1234 3529 amicum
1247 3492 1255 3541 ;

457 3565 584 3651 Regula
599 3564 663 3628 fida
678 3564 790 3630 nimis:
815 3565 958 3652 quisquis
973 3565 1139 3641 amandus,
1156 3579 1251 3631 amet.

414 3671 497 3740 Haec
511 3668 676 3733 hominum
694 3667 853 3753 disjuncta
866 3668 946 3732 solet
961 3667 1153 3751 conjungere
1170 3669 1276 3749 corda,

457 3774 524 3838 lsta
536 3783 641 3857 potest
656 3771 820 3837 hominem
836 3771 1004 3836 conciliare
1021 3770 1102 3837 Deo.

412 3879 487 3942 Hac
501 3873 583 3938 duce
598 3895 692 3960 carpe
708 3873 802 3952 viam,
818 3872 976 3959 gradienti
991 3896 1086 3938 nemo
1101 3874 1239 3951 nocebit,

456 3977 501 4041 Et
513 3976 630 4061 potaris
645 3987 774 4041 cunctas
789 3987 876 4040 tutus
891 3974 971 4039 inire
986 3998 1108 4042 manus.

410 4080 472 4147 Illa
486 4091 594 4144 tamen
610 4079 784 4143 metuenda
798 4100 922 4153 manus,
938 4100 1013 4164 quae
1029 4090 1143 4142 tractat
1158 4077 1282 4163 iniquas

457 4181 583 4258 Sordes,
600 4202 696 4266 quam
713 4179 876 4243 maculant
890 4200 954 4243 oera
970 4180 1073 4243 colore
1090 4200 1155 4244 suo.

413 4289 485 4363 Nou
502 4283 577 4372 quia
592 4282 754 4369 polluitur,
771 4293 803 4347 et
819 4281 943 4367 polluit,
960 4292 1008 4346 ast
1023 4280 1173 4366 fugienda
