3309 5309
367 674 427 733 182
628 682 764 726 roauurs
780 678 1064 727 saansaaumusrs
1169 661 1254 742 [ura.
1271 683 1323 726 ιιι.

365 840 407 902 Ei
419 837 578 922 siquidem
590 833 660 898 baec
671 834 778 918 potius
789 830 1001 897 adscribenda
1012 843 1087 897 sunt
1096 833 1216 908 omnia,
1225 855 1321 917 quam

364 938 509 1014 fortunae,
520 957 590 1018 quae
600 947 655 998 aut
665 938 706 998 ab
717 935 799 1016 ipso,
811 944 877 1012 aut,
886 934 975 1018 quod
986 935 1087 1017 magis
1100 956 1179 1013 reor,
1190 935 1321 998 omnino

364 1059 428 1101 non
445 1049 502 1102 est.
544 1037 598 1099 Ait
612 1057 751 1119 namque
767 1037 916 1113 Ethicus,

510 1149 574 1202 Noli
585 1149 723 1211 fortunam,
736 1166 793 1218 quae
805 1167 857 1201 non
870 1155 919 1215 est,
931 1150 1017 1204 dicere
1028 1168 1131 1203 emam.

364 1260 523 1322 Homerus
532 1277 662 1340 qnoque
671 1257 703 1318 iu
711 1253 766 1318 illo
777 1257 992 1319 celeberrimae
1004 1257 1210 1338 perfectionis
1220 1279 1315 1340 opere

364 1359 556 1442 dedignatus
578 1370 628 1421 est
656 1378 751 1421 nosse
774 1358 946 1432 fortunam,
969 1358 1050 1421 adeo
1073 1358 1206 1441 quidem
1229 1371 1264 1422 ut
1285 1359 1318 1422 in

362 1463 451 1524 nulla
473 1472 561 1543 parte
585 1460 664 1523 tanti
686 1459 836 1522 carminis
857 1461 1048 1524 nominetur.
1092 1461 1213 1523 Maluit
1232 1462 1316 1524 enim

364 1564 423 1626 soli
439 1564 520 1641 Deo,
537 1583 633 1645 quem
643 1559 807 1644 Morpban
821 1561 1317 1642 nominarit,universa-regenda

361 1667 568 1741 committere,
598 1684 692 1746 quam
715 1672 751 1724 ut
779 1661 902 1745 aliquid
931 1661 1124 1726 adscriberet
1145 1663 1315 1727 temeritati

360 1767 504 1844 sortunae,
520 1785 616 1848 quam
633 1765 742 1848 utiquc
758 1763 804 1827 sic
820 1773 947 1826 constat
961 1763 1089 1827 minime
1109 1785 1180 1827 esse
1196 1761 1313 1840 Deam,

361 1869 446 1931 sicut
462 1878 583 1930 certum
600 1874 658 1944 est,
679 1864 743 1927 dici
759 1876 792 1927 et
813 1865 905 1947 pingi
922 1883 1041 1928 caecam
1096 1867 1227 1929 Frustra
1242 1887 1316 1947 ergo

361 1969 489 2031 caecitas
511 1967 581 2049 ejus
602 1968 753 2048 arguitur,
768 1988 841 2049 quae
863 1967 895 2028 in
919 1977 1031 2031 natura
1052 1988 1156 2031 rerum
1178 1967 1313 2031 inveniri

361 2090 426 2131 non
446 2076 560 2151 potest.
606 2068 704 2131 Unde
726 2078 759 2131 et
774 2089 869 2131 casus
889 2090 954 2131 non
971 2090 1042 2133 esse
1058 2069 1272 2144 convincitur,
1287 2070 1314 2132 si

361 2191 436 2234 eum
461 2169 532 2251 quis
554 2165 762 2249 improvisum
784 2180 931 2231 eventum
954 2191 1024 2234 esse
1048 2169 1191 2247 definiat,
1213 2191 1314 2254 quum

359 2269 440 2333 nihil
463 2269 530 2343 fiat,
553 2269 647 2351 cnjus
669 2280 771 2331 ortum
793 2269 938 2350 legitima
960 2293 1070 2349 causa,
1091 2281 1125 2336 ct
1145 2271 1227 2335 ratio
1249 2293 1313 2334 non

359 2369 532 2453 praecedat,
547 2380 580 2433 et
594 2369 700 2432 fidelis
720 2371 928 2435 concionator
947 2373 1027 2435 nihil
1042 2373 1075 2436 in
1096 2388 1181 2436 terra
1196 2373 1312 2436 doceat

359 2471 428 2533 fieri
441 2470 624 2533 sinecansa.
656 2471 883 2534 Verumtamen
894 2472 968 2556 quia
979 2483 1092 2554 praeter
1101 2473 1312 2536 intentionem

359 2570 537 2651 gerentium
554 2569 672 2651 aliqua,
687 2572 840 2634 nonnulla
856 2573 1046 2655 contingunt
1058 2583 1171 2654 praeter
1186 2571 1310 2654 opinio·

358 2694 444 2751 nem,
458 2693 551 2736 casus
573 2672 785 2755 appellatione
807 2674 1011 2748 clauduntur,
1034 2675 1111 2737 licet
1131 2694 1225 2756 aeque
1247 2673 1313 2736 dis·

357 2774 507 2856 ponentis
521 2773 641 2836 ratione
656 2775 790 2856 praevisa
807 2775 882 2853 sint,
898 2776 980 2839 sicut
994 2797 1033 2839 ea
1047 2797 1118 2859 quac
1132 2775 1205 2857 lege
1220 2783 1312 2838 natu·

357 2896 411 2953 rae,
440 2873 641 2937 necessitatis
663 2875 800 2938 nexibus
824 2875 970 2940 videntur
992 2886 1122 2940 arctata.
1169 2869 1311 2941 Proinde

357 2986 389 3039 et
408 2975 479 3039 haec
502 2975 573 3058 ipsa
590 2975 820 3058 contingentia,
841 2978 1001 3059 prinraevae
1022 2978 1165 3041 omnium
1187 2998 1311 3042 caussae

357 3079 404 3141 sic
421 3087 547 3142 constat
562 3098 631 3141 esse
646 3099 783 3153 annexa,
798 3090 834 3141 ut
848 3079 890 3142 ad
906 3100 977 3142 eam
992 3080 1100 3142 omnia
1117 3080 1311 3155 referantur3

356 3188 388 3244 et
403 3201 460 3263 pro
475 3200 548 3242 mea
560 3178 724 3261 opinione,
736 3180 805 3242 haec
821 3177 894 3260 ipsa
904 3179 946 3242 ad
962 3180 1155 3262 positionem
1165 3179 1310 3241 omnium

355 3303 427 3365 quar
450 3292 534 3358 sunt,
555 3281 735 3344 necessario
759 3291 983 3363 consequatur.
1028 3279 1196 3344 Ridebunt
1226 3280 1306 3344 forte

354 3381 576 3465 prudentiores
598 3380 814 3465 insipientiam
838 3404 953 3458 meam,
969 3383 1025 3466 qni
1042 3385 1149 3445 Deum
1170 3403 1250 3460 esse,
1265 3381 1307 3444 ad

353 3480 555 3544 existentiam
570 3482 722 3560 omnium,
737 3485 829 3566 sequi
845 3485 1028 3571 consentio:
1051 3483 1110 3547 sed
1132 3485 1173 3547 ab
1189 3484 1306 3546 effectu

354 3601 482 3644 causam
498 3582 614 3662 inferri,
631 3585 678 3646 vel
694 3585 902 3667 probabiliter
916 3607 967 3649 me
982 3583 1189 3668 Peripatetici
1206 3583 1304 3646 docu-

352 3690 453 3745 eruut.
496 3683 595 3746 Porro
612 3682 758 3748 doctores
773 3684 850 3748 fidei
865 3707 934 3749 eam
952 3708 994 3750 ex
1011 3681 1160 3749 omnibus
1175 3705 1305 3749 causam

352 3783 535 3846 necessario
557 3784 706 3863 inferunt,
723 3808 765 3849 ex
785 3787 981 3870 quaomnia,
1001 3808 1170 3873 perquam
1186 3785 1305 3863 omnia,

352 3883 432 3947 etin
448 3904 512 3966 qua
527 3894 601 3946 sunt
617 3886 734 3963 omnia,
749 3898 782 3950 et
792 3887 861 3950 sinc
878 3910 942 3971 qua
956 3888 1144 3964 factumest,
1160 3897 1214 3950 aut
1230 3888 1303 3949 sub-

349 3985 471 4062 sistere,
500 3984 581 4045 nihil
611 3996 725 4067 potest.
782 3989 879 4061 Quod
909 4011 984 4072 ergo
1014 3989 1137 4073 aliquid
1167 3989 1301 4052 fortunae

350 4087 493 4150 videmur
507 4085 698 4161 adscribere,
714 4089 743 4151 ci
765 4111 969 4176 nequaqnam
989 4091 1190 4175 praejudicat
1236 4087 1301 4153 Sed

345 4187 420 4269 quia
445 4187 538 4250 nobis
560 4185 602 4249 ad
631 4187 777 4252 homines
800 4212 903 4254 sermo
926 4203 984 4270 est,
1006 4193 1173 4255 homiuum
1196 4191 1299 4255 verbis

344 4287 471 4367 utimur,
494 4289 607 4373 pingui
633 4291 681 4370 (ut
695 4291 918 4375 praediximus)
940 4295 1089 4367 Minerva
1109 4302 1242 4381 agentes
1257 4292 1297 4356 de
