3309 5309
350 656 413 716 286
611 664 747 711 rosnnrs
762 662 1042 710 saansanmansrs
1179 641 1260 721 [sta.
1278 661 1308 704 ν.

351 819 475 884 divano
496 816 592 881 modo
614 813 792 901 exponitur.
846 812 929 898 Ego,
958 811 1187 900 sapientiorum
1217 808 1310 874 venia

351 923 531 1008 impetrata.
553 940 702 984 acervum
725 915 821 982 credo
842 914 1010 995 Mercurii,
1026 915 1059 980 in
1082 937 1147 1002 quo
1169 911 1310 978 consistit

351 1024 432 1088 ratio
457 1020 648 1095 calculandi,
672 1019 749 1105 quia
775 1017 959 1084 Mercurius
982 1039 1104 1084 numen
1128 1037 1241 1081 eorum
1262 1026 1310 1080 est

350 1124 406 1213 qui
421 1121 670 1208 negotiationem
684 1129 847 1201 exercent,
858 1130 892 1184 et
906 1119 1078 1184 ratiociniis
1094 1118 1159 1183 suis
1173 1117 1308 1202 diligen·

349 1239 400 1293 ter
413 1225 590 1311 invigilant.
620 1223 753 1292 Mittere
768 1244 846 1308 ergo
862 1221 1001 1309 lapidem
1021 1222 1054 1286 in
1069 1242 1230 1302 acervum,
1245 1242 1308 1306 quo

348 1328 470 1414 regitur
483 1327 564 1392 ratio
585 1324 777 1407 calculandi,
797 1336 847 1390 est
860 1337 962 1390 totam
985 1323 1115 1389 turbare
1130 1321 1244 1388 calculi
1260 1345 1308 1386 ra·

350 1430 490 1496 tionem:
513 1441 546 1495 et
556 1429 710 1494 honorem
722 1426 866 1492 conferre
878 1425 1051 1512 insipienti,
1063 1436 1112 1490 est
1123 1423 1308 1511 reipublicae

350 1533 534 1599 subvertere
550 1531 658 1597 vitam.
697 1530 741 1594 Et
755 1528 954 1616 impossibile
969 1540 1027 1607 est,
1043 1540 1081 1594 ut
1095 1527 1175 1592 elios
1188 1526 1309 1592 utiliter

350 1647 451 1722 regat,
461 1657 559 1723 quem
575 1631 720 1720 proprius
735 1631 894 1698 subvertit
908 1653 1004 1696 error.
1041 1630 1098 1695 Ait
1113 1629 1219 1694 enim:
1244 1627 1308 1696 Ubi

349 1760 414 1804 non
429 1749 478 1803 eet
494 1737 697 1823 gubernator,
717 1734 853 1821 populus
867 1745 1004 1800 conset
1050 1733 1094 1797 Et
1115 1732 1210 1798 alibi:
1238 1737 1309 1799 Rex

350 1839 503 1927 insipiens
524 1838 638 1926 perdet
659 1836 814 1924 populum
837 1858 942 1913 suum,
965 1848 999 1901 et
1021 1834 1168 1901 civitates
1185 1835 1309 1899 habita-

350 1943 472 2008 buntur
485 1963 582 2027 super
595 1962 724 2005 sensum
739 1938 957 2024 prudentium.
993 1937 1110 2005 Omnis
1126 1947 1308 2023 potentatus

350 2046 416 2110 rita
429 2043 545 2123 brevis,
560 2043 694 2127 languor
713 2040 864 2127 prolixior
882 2052 994 2126 gravat
1015 2040 1190 2104 medicum.
1229 2045 1307 2105 Bre-

351 2167 424 2210 vem
440 2145 626 2229 languorem
642 2142 796 2230 praecidet
807 2142 961 2219 medicus,
974 2141 1064 2207 sicet
1075 2141 1236 2207 rexhodie
1249 2151 1307 2221 est,

351 2257 463 2311 etcras
475 2244 637 2310 morietur.
676 2243 887 2319 Quumenim
900 2243 1309 2320 morieturhomo,heredi·

350 2345 432 2411 tabit
446 2353 618 2430 serpentes,
631 2353 665 2407 et
678 2344 806 2420 bestias,
817 2357 852 2410 et
863 2368 997 2411 vermes.
1031 2343 1186 2432 Nunquid
1197 2365 1308 2431 quaeao

350 2468 506 2536 pauperes
520 2445 746 2533 opprimuntur
759 2446 894 2535 injuriis,
910 2459 1119 2514 attenuantur
1134 2445 1308 2512 exactioni-

350 2549 420 2627 bus,
442 2548 560 2636 rapinis
581 2547 812 2634 multiplicibus
835 2549 1020 2636 spoliantur,
1037 2549 1196 2634 jubentur
1216 2549 1250 2612 in
1273 2571 1307 2613 se

350 2673 538 2718 concurrere
554 2651 673 2738 populi,
689 2663 723 2716 et
739 2651 850 2718 orbern
867 2666 1048 2730 concutere,
1064 2663 1101 2717 ut
1123 2651 1308 2739 potentibus

348 2754 400 2820 isti
410 2753 583 2820 succedant
591 2751 745 2818 heredes?
758 2754 964 2842 latinamque
973 2741 1307 2820 succeduntomnibus

345 2858 420 2943 jure
435 2879 503 2938 suo,
518 2879 576 2921 nec
590 2855 791 2921 desideratur
803 2857 985 2923 solemnitas
998 2859 1191 2939 testamenti,
1202 2859 1243 2923 ab
1258 2859 1306 2922 in·

350 2973 466 3025 testato
475 2971 644 3044 emergunt
656 2981 666 3031 ;
691 2957 770 3021 velis
782 2959 874 3036 nolis,
887 2959 944 3022 hos
953 2958 1086 3024 habebis
1096 2960 1238 3025 heredes.
1266 2961 1305 3024 In

349 3060 543 3126 secularibus
568 3057 669 3123 literis
694 3057 798 3122 fertur
819 3058 937 3123 dixisse
962 3057 1070 3124 Plato:
1106 3059 1244 3126 Perinde
1261 3073 1307 3125 est

349 3181 451 3244 quum
468 3156 613 3223 subditos
628 3154 781 3241 opprimit
796 3158 1014 3242 magistratus,
1030 3181 1067 3223 ac
1083 3159 1110 3223 si
1125 3174 1222 3245 caput
1237 3181 1305 3223 cor-

348 3262 435 3345 poris
457 3262 657 3334 intumescat,
675 3271 712 3323 ut
734 3281 754 3322 a
768 3260 919 3325 membris
933 3273 990 3325 aut
1004 3261 1144 3337 omnino,
1167 3276 1224 3325 aut
1240 3261 1306 3325 sine

347 3361 492 3425 molestia
507 3362 582 3425 ferri
598 3383 662 3425 non
677 3361 785 3447 possit.
817 3364 913 3427 Hanc
928 3376 1034 3428 autem
1050 3363 1227 3450 passionem
1239 3367 1304 3428 sine

345 3460 532 3546 gravissimo
561 3460 670 3524 dolore
698 3465 915 3527 membrorum
951 3463 1079 3528 tolerari
1111 3465 1161 3529 vel
1189 3464 1305 3544 curari,

345 3561 538 3647 impossibile
559 3574 617 3626 est.
663 3561 696 3625 Si
711 3585 786 3627 vero
808 3563 993 3630 incurabilis
1008 3565 1107 3631 fuerit
1127 3569 1243 3653 passio,
1259 3565 1303 3630 sic

347 3664 453 3726 vivere
474 3685 571 3750 quam
587 3663 667 3728 mori
688 3664 834 3729 miserius
848 3679 907 3731 est.
953 3665 1083 3731 Miseris
1101 3680 1208 3732 antem
1224 3665 1304 3729 nihil

346 3761 457 3826 utilius
482 3775 540 3843 est,
564 3786 661 3849 quarn
691 3780 856 3852 utcunque
882 3765 974 3831 finire
1000 3767 1167 3832 miseriam.
1212 3765 1303 3831 Idem

346 3883 475 3947 quoqne
490 3862 608 3927 dixisse
630 3862 766 3949 legitur:
802 3870 914 3942 Quum
936 3868 968 3931 iu
991 3867 1150 3953 subjectos
1164 3879 1304 3953 potestas

345 3966 448 4040 saevit,
463 3961 548 4026 idem
568 3979 616 4028 est
631 3987 667 4028 ac
683 3966 709 4028 si
731 3978 819 4031 tutor
834 3968 992 4054 pupillum
1013 3979 1237 4055 persequatur,
1253 3965 1304 4032 vel

345 4090 417 4132 eum
434 4087 493 4131 suo
513 4087 663 4129 mucrone
680 4067 823 4154 jugules,
839 4071 882 4136 ob
904 4073 998 4158 cujus
1019 4071 1246 4147 defensionem,
1262 4069 1303 4134 ab

345 4169 455 4234 eodem
471 4167 625 4234 traditum
642 4168 700 4233 tibi
712 4168 856 4256 gladium
873 4172 1031 4259 accepisti.
1066 4176 1147 4237 Rem
1164 4195 1303 4258 namque

345 4271 505 4356 publicam
521 4271 584 4337 frui
600 4271 675 4358 jure
690 4272 806 4359 pupilli
821 4275 1001 4361 percelebre
1018 4288 1077 4355 est,
1092 4286 1124 4341 et
1140 4297 1209 4340 eam
1226 4288 1303 4340 tunc
