3309 5309
364 681 433 726 ose.
449 664 499 743 x.]
725 681 979 729 ronrcnsrrons.
1248 671 1315 732 308

362 844 574 918 extorqueant
604 832 817 920 impudenter.
874 833 983 899 Pudor
1015 846 1122 899 autem
1152 836 1313 923 abjicitur,

361 933 455 998 simul
472 935 564 999 acad
579 935 759 1000 exactiones
778 950 907 1001 ventum
923 949 981 1001 est.
1027 936 1179 1017 Verbum,
1193 939 1311 1026 inquit,

363 1036 578 1101 verecundum
607 1037 743 1124 supplici
773 1060 810 1102 ac
840 1037 996 1102 submissa
1025 1061 1101 1102 voce
1129 1039 1312 1122 dicendum,

362 1138 469 1223 Rogo,
480 1162 537 1203 nec
551 1140 652 1224 gratis
664 1139 750 1219 tulit,
761 1140 818 1226 qui
831 1162 931 1226 quum
946 1152 1073 1225 rogaret
1084 1141 1216 1227 accepit.
1256 1144 1312 1208 Bis

362 1240 444 1303 enim
466 1241 552 1318 emit,
568 1245 626 1328 qui
645 1254 747 1327 rogat.
786 1241 841 1305 Ad
862 1243 907 1306 rei
928 1264 1063 1328 namque
1083 1243 1134 1307 vel
1153 1242 1220 1331 spei
1240 1268 1311 1330 pre·

364 1342 456 1424 tium,
484 1344 707 1410 verecundiam
738 1344 893 1409 vendidit.
949 1345 1072 1410 Munus
1106 1368 1182 1410 vero
1210 1348 1311 1433 justae

361 1445 612 1530 reprehensionis
632 1467 696 1510 non
720 1445 816 1510 habet
838 1459 958 1523 notam,
974 1445 1063 1531 quod
1086 1445 1214 1513 devotio
1232 1450 1311 1515 libe·

360 1546 496 1613 talitatis
517 1548 646 1624 obtulit,
662 1569 725 1613 non
739 1547 926 1634 improbitas
948 1547 1146 1633 deprecantis
1167 1552 1311 1618 extorsit.

364 1651 417 1714 lta
439 1663 544 1715 tamen
562 1664 597 1716 ut
613 1651 798 1737 iniquorum
814 1673 945 1715 munera
961 1673 1022 1714 non
1038 1664 1194 1737 acceptet,
1209 1674 1309 1737 quum

361 1750 476 1835 ingrati
501 1750 636 1817 hominis
658 1754 710 1829 sit,
733 1751 815 1817 votis
836 1774 899 1816 non
927 1753 1031 1816 fovere
1056 1751 1256 1832 beneficium,
1278 1766 1310 1821 et

361 1851 497 1937 impium
518 1875 576 1940 pro
597 1853 784 1919 muneribus
801 1852 990 1939 justificare,
1007 1852 1132 1918 dicente
1158 1853 1309 1932 Domino,

361 1955 400 2018 sit
415 1953 571 2041 iniquum.
610 1959 734 2042 Utique
748 1954 936 2020 beneficium
956 1955 1097 2041 accipere
1112 1964 1159 2020 est
1173 1954 1309 2019 vendere

361 2054 551 2134 libertatern,
572 2071 604 2123 ct
628 2058 783 2123 dedecens
808 2070 857 2124 est
882 2079 989 2124 servos
1014 2079 1083 2122 esse
1108 2057 1165 2144 qui
1190 2056 1307 2122 debent

358 2157 427 2222 aliis
442 2159 606 2246 imperare.
646 2161 873 2226 Verumtamen
894 2171 926 2226 et
945 2183 1050 2225 causae
1065 2158 1147 2225 ratio
1161 2158 1308 2224 habenda

360 2271 407 2323 est
421 2273 453 2324 et
468 2282 622 2346 persouoe,
634 2273 670 2326 ut
685 2285 743 2327 nec
757 2285 776 2326 a
791 2264 891 2349 turpi,
902 2284 960 2326 nec
971 2261 1110 2349 turpiter
1123 2260 1308 2347 accipiatur,

359 2361 447 2446 quod
471 2385 511 2426 ex
537 2363 618 2443 loco,
642 2375 675 2428 et
701 2377 855 2452 ternpore,
881 2378 914 2430 et
940 2365 1036 2429 modo
1060 2363 1157 2430 latius
1181 2375 1308 2451 oportet

359 2463 484 2548 inquiri.
544 2465 628 2529 Nam
663 2467 853 2552 plerumque
882 2489 902 2530 a
930 2489 1039 2542 mauu,
1068 2465 1259 2551 plerumque
1288 2487 1308 2530 a

358 2587 463 2643 causa,
474 2588 494 2629 a
505 2578 647 2654 tempore
658 2566 833 2646 interdum,
843 2565 1005 2631 interdum
1017 2588 1036 2628 a
1046 2564 1128 2641 loco,
1139 2565 1191 2628 vel
1200 2567 1306 2644 modo,

358 2664 524 2750 splendent
552 2688 683 2731 munera
712 2665 763 2730 rel
792 2665 988 2730 sordescunt.
1044 2666 1092 2728 At
1120 2665 1307 2751 improbitas

358 2769 523 2836 curialium
539 2792 577 2833 eo
591 2790 696 2852 usque
710 2766 862 2846 innotuit,
877 2780 915 2832 ut
930 2767 970 2831 de
991 2765 1173 2832 testimonio
1186 2767 1305 2831 consci-

355 2872 462 2948 entiae,
482 2869 523 2933 de
544 2880 711 2934 venustate
733 2891 870 2946 morum,
891 2870 931 2934 de
953 2870 1051 2933 odore
1073 2867 1240 2954 opinionis,
1263 2869 1304 2933 de

354 2972 533 3038 sinceritate
552 2993 666 3048 causae,
682 2970 724 3036 de
744 2983 885 3037 torrente
904 2969 1107 3059 eloquentiae,
1122 2969 1180 3034 nisi
1199 2971 1303 3057 pretio

353 3073 595 3152 interveniente,
609 3070 682 3158 quis
696 3072 817 3136 frustra
832 3071 981 3138 confidat.

458 3185 520 3256 Ipse
531 3185 593 3238 licet
603 3186 692 3238 venias
704 3185 791 3238 Musis
802 3185 953 3251 comitatus,
968 3183 1093 3248 Homere,

564 3272 594 3324 Si
604 3271 670 3324 nihil
681 3271 808 3337 attuleris,
819 3272 871 3324 ibis
884 3270 1000 3324 Homere
1011 3268 1091 3322 foras.

355 3377 427 3439 Non
456 3374 552 3440 modo
577 3373 682 3439 leones
707 3387 739 3439 et
764 3373 909 3460 tigrides,
935 3371 1125 3458 eloquentia
1150 3370 1302 3435 beneficio

354 3477 465 3542 lenisse
488 3477 595 3542 dictus
618 3490 666 3542 est
693 3476 852 3564 Orpheus,
874 3477 928 3541 sed
953 3475 1040 3562 apud
1061 3475 1168 3562 ipsum
1191 3474 1301 3538 Ditem

354 3603 416 3644 vox
436 3579 562 3646 dulcior
581 3581 752 3667 peroravit,
772 3602 947 3666 canemque
966 3579 1136 3665 tricipitem
1157 3578 1301 3643 exoravit

354 3705 450 3747 causa
475 3682 691 3762 favorabilior,
717 3695 754 3746 ut
784 3681 953 3747 admissam
979 3680 1076 3746 semel
1104 3679 1300 3766 Eurydicem

352 3797 462 3849 contra
484 3806 603 3848 morem
626 3784 799 3848 inferorum
824 3783 932 3849 liceret
958 3783 1100 3849 educere.
1146 3786 1198 3848 Tu
1223 3805 1301 3848 vcro

350 3886 421 3950 licet
443 3885 593 3973 Orpheus
622 3885 676 3964 sis,
696 3897 753 3951 aut
778 3885 892 3962 Arion,
914 3886 962 3950 rel
987 3885 1041 3951 ille
1061 3884 1118 3972 qui
1141 3885 1208 3950 solo
1238 3897 1299 3951 tes-

350 3985 469 4051 tudinis
491 4010 579 4064 sono,
602 4009 689 4068 saxa,
712 3999 749 4051 ut
772 3986 901 4064 dicitur,
924 3985 1089 4064 emollivit,
1109 3985 1189 4050 nihil
1210 3984 1299 4071 apud

348 4088 483 4154 curiales
497 4089 621 4170 efficies,
636 4088 695 4154 nisi
716 4089 866 4174 plumbea
887 4113 998 4154 eorum
1017 4088 1115 4154 corda
1128 4109 1225 4151 aureo
1248 4087 1298 4150 vel

345 4202 496 4278 argenteo
510 4189 624 4255 malleo
640 4192 790 4256 vanitatis
806 4190 856 4255 vel
871 4190 1056 4276 cupiditatis
1070 4187 1186 4252 incude
1201 4187 1298 4252 ernol-

345 4293 411 4358 lias.
459 4292 699 4357 inclementiam
722 4293 854 4358 Cerberi
871 4314 980 4356 omnes
1001 4291 1183 4356 abhorrent.
1221 4291 1296 4375 Ego
