3309 5309
447 650 510 711 822
712 657 848 703 retusis
863 655 1140 702 saansaearausrs
1275 635 1359 715 [nm.
1374 655 1405 700 v.
1449 703 1454 716 ‚

448 815 521 878 risu
535 817 690 876 nocentes
704 819 790 888 sunt,
804 809 947 892 pupillas
969 807 1003 871 in
1020 807 1155 888 singulis
1169 808 1274 872 oculis
1289 807 1406 870 habere

450 914 555 978 binas.
598 909 811 994 Apollonides
848 927 975 993 quoque
1008 907 1168 990 perbibet,
1203 907 1239 970 in
1274 905 1407 990 Scythia

451 1013 543 1078 nasci
565 1011 723 1087 foeminas,
744 1031 817 1094 quse
840 1009 958 1072 Bithioe
982 1016 1144 1085 vocantur,
1165 1018 1198 1072 et
1218 1008 1351 1072 easdem
1372 1007 1406 1069 in

452 1114 555 1180 oculis
579 1112 674 1175 binas
697 1109 816 1174 habere
842 1109 994 1193 pupillas,
1019 1119 1052 1172 et
1076 1109 1232 1191 perimere
1258 1110 1286 1172 si
1312 1129 1407 1193 quem

450 1218 522 1281 visu
543 1215 623 1278 forte
644 1214 732 1276 iratae
755 1211 948 1295 aspexerint.
993 1212 1114 1274 Vereor
1135 1231 1176 1272 ne
1198 1211 1251 1275 his
1277 1208 1406 1291 cognati

453 1317 518 1380 sint
533 1314 662 1400 judices
681 1312 840 1377 iracundi.
885 1311 1034 1376 Tradunt
1055 1311 1150 1375 etiam
1166 1311 1407 1394 Physiognomi,

453 1416 581 1500 eosqui
600 1415 724 1479 babent
743 1415 856 1478 oculos
875 1415 1069 1490 maculosos,
1084 1413 1125 1476 ad
1140 1414 1318 1498 nequitiam
1335 1433 1408 1496 pro·

454 1517 571 1582 niores.
616 1518 698 1590 Quae
722 1536 795 1578 vero
818 1515 860 1579 de
874 1515 1077 1600 praesidibus,
1092 1515 1224 1598 aliisque
1241 1513 1408 1599 judicibus

454 1619 544 1684 dicta
558 1629 643 1695 sunt,
653 1617 774 1680 debent
785 1628 818 1682 et
833 1616 920 1700 apud
931 1617 1149 1701 proconsules,
1160 1637 1242 1701 quos
1253 1623 1409 1679 nostrates

453 1719 625 1801 vulgariter
642 1718 755 1781 dicunt
772 1735 940 1780 Jus‘rrrras
961 1737 1030 1779 esse
1051 1734 1240 1792 annanias,
1254 1714 1407 1779 obtinere.

454 1821 500 1883 Et
521 1839 638 1881 nomen
662 1816 791 1900 quidem
813 1817 938 1891 erroris,
960 1816 1018 1880 etsi
1040 1837 1107 1879 non
1129 1815 1249 1890 officio,
1265 1813 1409 1898 personis

454 1931 562 1983 tamen
591 1938 700 2007 eorum
732 1917 894 1990 convenit,
920 1917 976 2000 qui
1000 1926 1114 1979 euntes
1138 1926 1213 1999 post
1239 1915 1407 1997 concupis-

455 2020 580 2084 centias
605 2038 690 2097 suas,
715 2019 749 2081 in
775 2028 899 2081 sectatu
928 2017 1079 2091 avaritiae,
1106 2024 1139 2081 et
1169 2015 1409 2100 depraedatione

454 2120 668 2204 popularium,
691 2141 712 2184 a
734 2119 859 2183 tramite
886 2119 1048 2204 aequitatis
1073 2120 1231 2182 aberrant.
1277 2116 1409 2180 Debent

455 2233 562 2285 autem
589 2220 696 2283 officia
721 2220 863 2283 omnium
889 2241 958 2284 esse
985 2220 1132 2302 gratuita,
1156 2230 1193 2283 ut
1218 2218 1300 2282 nihil
1328 2219 1410 2280 ultra

454 2330 607 2385 statutum
622 2320 779 2401 exigatur,
792 2320 849 2383 sed
864 2342 925 2384 nec
940 2321 1120 2405 recipiatur.
1158 2317 1224 2384 Sed
1236 2321 1317 2383 forte
1332 2313 1409 2402 qnid

455 2429 609 2486 statutum
626 2420 678 2497 sit,
696 2420 821 2504 quaeris.
866 2422 1041 2486 Plebiscito
1065 2423 1258 2498 continetur,
1278 2419 1410 2503 nequis

455 2519 631 2605 praesidum
651 2540 768 2582 munus
787 2518 948 2583 donumve
971 2530 1112 2604 caperet,
1128 2521 1190 2585 nisi
1209 2504 1410 2584 esculentum

455 2616 713 2701 poculentumve,
728 2623 761 2678 et
774 2614 809 2678 id
825 2615 958 2699 quidem
972 2617 1054 2680 intra
1068 2616 1139 2680 dies
1156 2617 1324 2701 proximos
1337 2636 1409 2700 pro·

457 2718 592 2800 digatur.
638 2713 733 2789 Quod
758 2726 791 2779 et
818 2716 861 2780 ad
889 2719 1109 2799 proconsules,
1135 2719 1281 2802 aliosque
1310 2717 1410 2796 magi·

458 2827 575 2882 stratus
594 2839 637 2881 ex
657 2817 808 2881 mandato
832 2815 991 2900 Principis
1012 2818 1139 2882 transit.
1184 2820 1261 2883 Non
1281 2839 1357 2881 rere
1376 2817 1409 2881 in

457 2927 562 2983 totum
576 2915 697 2980 debent
711 2914 818 2979 xeniis
834 2917 1004 2996 abstinere,
1021 2916 1079 2982 sed
1099 2918 1231 2982 modum
1249 2919 1410 2983 adhibere.

459 3020 508 3084 Ut
521 3040 596 3082 vero
610 3039 671 3082 nec
690 3018 725 3079 in
744 3028 848 3081 totum
869 3018 1063 3098 abstineant,
1079 3041 1139 3083 nec
1163 3042 1257 3085 avare
1280 3020 1409 3084 modum

458 3120 628 3183 xeniorum
656 3117 831 3191 excedant,
863 3117 965 3181 Divus
995 3119 1139 3196 Severus,
1168 3130 1200 3182 et
1232 3122 1317 3205 Imp.
1347 3121 1410 3183 An·

458 3220 589 3286 toninus
603 3217 838 3298 elegantissime
852 3228 926 3281 sunt
941 3220 1079 3301 epistola
1093 3220 1257 3284 moderati.
1308 3221 1409 3305 Cujus

459 3318 603 3402 epistola
615 3318 712 3380 verba
723 3327 798 3382 sunt
812 3317 900 3380 haec:
924 3318 1088 3390 Quantum
1102 3319 1144 3382 ad
1153 3320 1252 3385 xenia
1262 3321 1411 3404 pertinet,

459 3417 536 3482 audi
565 3417 653 3500 quod
682 3419 843 3481 sentimus.
897 3419 998 3482 Vetus
1022 3421 1223 3504 proverbium
1252 3434 1311 3498 est,
1339 3424 1410 3487 Nec

459 3517 578 3595 omnia,
602 3538 663 3579 nec
690 3537 824 3600 semper,
847 3539 909 3582 nec
935 3521 976 3582 ab
1003 3522 1162 3585 omnibus.
1206 3524 1294 3586 Nam
1319 3525 1410 3588 valde

458 3618 670 3682 inhumanum
690 3630 748 3695 est,
763 3640 783 3681 a
801 3619 928 3682 nemine
952 3621 1117 3704 accipere3
1140 3622 1198 3686 sed
1217 3624 1350 3706 passim,
1366 3625 1409 3686 vi·

458 3717 635 3796 lissimum;
658 3731 690 3783 et
704 3741 761 3804 per
781 3721 900 3798 omnia,
914 3723 1141 3786 avarissimum.
1186 3724 1284 3796 Quod
1304 3735 1409 3788 autem

458 3816 619 3880 mandatis
634 3820 822 3897 continetur,
838 3843 879 3883 nc
900 3821 1031 3885 domum
1051 3825 1100 3886 vel
1117 3845 1233 3887 munus
1247 3825 1318 3908 ipse
1332 3825 1410 3888 Pro-

459 3917 582 3991 consnl,
602 3917 652 3978 vel
675 3918 785 3997 quiin
809 3921 873 3983 alio
896 3921 1003 3985 officio
1026 3924 1095 3999 erit,
1115 3924 1266 4006 accipiat,
1288 3934 1409 3989 ematve

458 4018 547 4104 quid,
572 4017 635 4080 nisi
659 4017 762 4081 victus
791 4021 969 4104 quotidiani
995 4045 1102 4100 causa,
1130 4026 1219 4109 quod
1247 4026 1291 4088 ad
1313 4026 1410 4089 xenia

451 4123 520 4206 jam
538 4141 606 4183 non
620 4119 771 4203 pertinet,
786 4120 842 4182 sed
858 4121 901 4186 ad
916 4144 955 4187 ea
969 4146 1041 4208 quae
1056 4126 1235 4190 eduliorum
1251 4126 1410 4191 excedant

455 4241 558 4285 usum.
596 4221 660 4283 Sed
675 4240 736 4283 nec
751 4221 850 4286 xenia
864 4223 1073 4305 producenda
1087 4238 1173 4304 sunt,
1183 4227 1226 4289 ad
1241 4245 1409 4291 munerum
