3309 5309
473 679 534 736 100
705 684 841 731 Josuurs
857 686 1136 730 saausnsamusrs
1288 664 1369 744 [nra.
1386 675 1424 726 11.

471 840 578 903 dinem
600 849 738 903 teneant.
783 839 950 922 Utrosque.
971 839 1125 899 alterutra
1147 832 1331 918 Astrologia
1351 855 1425 895 eru-

472 940 602 1005 ditionis
628 962 694 1003 suae
720 939 833 1024 recipit
860 939 1061 1022 professores.
1108 937 1189 998 Sunt
1216 934 1282 1014 alii,
1308 936 1366 1018 qui
1391 934 1423 996 in

472 1038 664 1125 professione
687 1050 845 1101 astrorum
872 1036 1000 1101 veritati
1026 1035 1156 1121 quidem
1184 1034 1365 1118 invigilant,
1388 1056 1426 1097 eo

475 1139 543 1202 solo
568 1138 721 1213 contenti,
748 1137 773 1200 si
801 1137 990 1222 positionem
1021 1158 1139 1215 veram,
1166 1147 1357 1220 motumque
1384 1137 1425 1197 si·

474 1241 598 1318 derum,
614 1241 833 1326 rationemque
848 1238 1009 1323 signorum
1025 1237 1177 1301 vivaciter
1191 1248 1414 1321 assequuntur.

476 1517 555 1600 Cap.
574 1520 622 1578 19.
645 1515 698 1578 De
720 1516 902 1601 differentia
922 1513 1168 1575 Mathematicus
1186 1510 1384 1583 doctrinalis,
1399 1515 1428 1571 at

518 1620 668 1682 mathesis
682 1618 870 1700 reprobate,
883 1623 914 1679 et
924 1617 1099 1680 traditione
1113 1616 1426 1689 Mathematicorum,

518 1728 549 1783 et
563 1721 723 1784 erroribus
738 1738 858 1782 eorum.

520 1857 658 1928 VERUM,
674 1850 750 1937 quia
765 1849 931 1935 probabile
946 1860 1004 1927 est,
1015 1847 1192 1912 coelestium
1208 1847 1348 1932 aliquam
1364 1869 1428 1910 esse

477 1952 640 2024 virtutem,
657 1971 757 2035 quum
771 1960 802 2011 et
819 1948 850 2011 iu
867 1960 951 2012 terra
966 1970 1027 2011 non
1040 1946 1322 2033 credaturaliquid
1331 1947 1429 2032 gigni,

477 2050 565 2136 quod
588 2073 607 2113 a
627 2072 723 2112 mauu
744 2049 866 2135 opificis
887 2049 959 2123 Dei,
976 2050 1095 2113 bonum
1117 2047 1256 2134 aliquem
1280 2070 1344 2112 non
1364 2070 1430 2112 sor·

479 2155 578 2216 tiatur
592 2151 752 2214 effectum.
798 2152 860 2227 Qui
882 2150 1068 2214 curiosiores
1084 2163 1168 2227 sunt,
1184 2149 1361 2214 coelestium
1376 2172 1431 2236 po-

375 2267 378 2272 '
479 2252 612 2317 tentiam
630 2251 835 2335 investigant,
851 2265 882 2315 et
903 2252 943 2314 de
959 2252 1102 2336 singulis,
1117 2275 1191 2336 quae
1210 2252 1243 2314 in
1267 2249 1431 2316 sublunari

480 2353 578 2438 globo
593 2353 797 2437 proveniunt,
814 2355 1025 2417 Astrouomiae
1044 2376 1109 2416 suae
1130 2351 1262 2436 regulis,
1285 2351 1432 2416 nituntur

480 2454 614 2518 reddere
629 2453 791 2517 rationem.
837 2456 898 2518 Est
913 2468 1019 2518 autem
1038 2452 1251 2517 Astronomiae
1266 2454 1382 2518 nobilis
1400 2465 1431 2517 et

481 2556 617 2642 gloriosa
627 2553 765 2633 scientia,
775 2555 800 2619 si
812 2555 990 2619 clientelam
1004 2580 1105 2635 suam,
1114 2557 1197 2621 intra
1207 2556 1432 2622 moderationis

480 2672 581 2723 metas
602 2659 759 2736 cohibeat,
782 2682 879 2744 quam
904 2660 928 2721 si
954 2659 1110 2723 licentiori
1133 2659 1274 2724 vanitate
1296 2658 1433 2737 excedit,

479 2784 543 2825 non
557 2774 620 2825 tam
633 2761 843 2848 philosophiae
855 2761 984 2847 species,
995 2784 1091 2847 quarn
1105 2761 1278 2847 impietatis
1289 2759 1434 2846 decipula

479 2877 539 2927 est.
584 2867 629 2928 Et
652 2863 781 2948 quidem
810 2862 913 2926 multa
939 2876 1014 2927 sunt
1040 2863 1176 2927 mathesi
1201 2862 1382 2942 doctrinali,
1403 2871 1434 2925 et

482 2966 684 3030 divinatoriae
712 2965 846 3028 mathesi
877 2965 1068 3043 communia,
1095 2965 1151 3030 sed
1177 2964 1254 3028 dum
1281 2963 1434 3029 divinatio

483 3066 661 3132 sobrietatis
676 3088 854 3129 mensuram
877 3065 1012 3138 excedit,
1030 3078 1098 3130 toto
1114 3065 1270 3129 dissidens
1293 3065 1356 3128 fine
1375 3085 1434 3127 non

483 3169 625 3244 instruit,
639 3167 695 3231 sed
711 3189 804 3229 suurn
820 3165 954 3229 dedocet
970 3167 1188 3250 professorem.
1233 3165 1333 3239 Quod
1353 3164 1434 3227 enim

481 3289 579 3332 'zonas
605 3268 799 3352 partiuntur,
828 3267 995 3353 parallelos
1021 3266 1253 3347 disterminant,
1278 3290 1351 3331 cum
1378 3265 1437 3329 sin-

484 3368 570 3452 gulis
585 3371 650 3430 suis
664 3368 830 3453 obliquant
844 3369 1022 3443 zodiacum,
1035 3368 1120 3454 quod
1134 3368 1241 3432 orbem
1255 3368 1321 3432 sere
1334 3380 1435 3432 totum

486 3465 603 3530 coluris
613 3464 756 3549 cingunt,
772 3469 861 3554 quod
884 3468 1021 3532 laborem
1036 3470 1213 3533 metiuntur
1225 3468 1437 3554 planetarum,

486 3566 574 3651 quod
610 3571 763 3653 Aplanem
798 3571 918 3634 nullius
948 3571 1062 3634 erroris
1092 3571 1280 3655 participem
1310 3569 1438 3644 faciunt,

487 3667 573 3753 quod
597 3691 616 3731 a
638 3669 711 3754 polo
734 3672 862 3748 arctico,
885 3673 926 3735 ad
948 3672 1158 3737 antarcticum
1186 3694 1276 3736 axem
1305 3670 1438 3745 ducunt,

487 3769 575 3853 quod
606 3769 694 3854 signa
725 3796 782 3857 per
812 3774 932 3857 gradus
961 3787 992 3838 et
1019 3787 1139 3859 puncta
1166 3773 1327 3850 dividunt,
1355 3771 1440 3858 quod

488 3870 658 3934 orientium
680 3885 712 3936 et
731 3875 942 3938 occidentium
968 3877 1141 3958 signorum,
1156 3889 1187 3939 et
1207 3874 1348 3938 siderum
1371 3897 1439 3959 pro·

487 3972 664 4056 portionem
693 3986 811 4053 tenent,
839 3977 968 4060 utrique
994 3998 1162 4041 commune
1189 3988 1246 4040 est.
1293 3977 1440 4060 Utraque

487 4086 592 4135 tamen
616 4072 648 4133 in
670 4095 707 4134 eo
726 4072 863 4157 physicis
878 4075 1059 4159 acquiescit,
1082 4076 1170 4162 quod
1195 4075 1440 4141 teneritudinem

489 4172 655 4239 subtilium
671 4197 850 4259 corporum,
866 4174 895 4237 in
915 4177 1066 4260 quasdam
1085 4190 1186 4242 sectas
1202 4177 1279 4253 rias,
1295 4188 1327 4239 et
1343 4175 1440 4238 circu·

488 4276 590 4342 lorum
607 4276 860 4364 intracapedines
875 4298 938 4342 non
956 4279 1089 4343 aestimat
1100 4278 1260 4365 dissipari.
1285 4279 1440 4340 Asserunt
