3309 5309
369 679 388 736 2
620 692 754 737 rasurus
770 694 1049 740 aaaasssarsnsrs

373 839 407 903 Si
422 840 492 926 quis
507 853 593 904 amat
608 863 728 920 verum,
744 841 801 906 tibi
817 843 858 908 sit
871 843 1067 929 gratissimus
1082 847 1206 935 hospes,

413 943 457 1008 Et
471 965 566 1030 quern
581 944 720 1010 delectat
732 944 834 1031 gloria
848 969 939 1028 vana,
954 969 1041 1015 cave.

367 1046 445 1111 Jure
460 1058 642 1132 patronatus
655 1046 746 1110 illum
762 1047 842 1126 cole,
858 1048 913 1135 qui
926 1033 1006 1114 ‘velit
1019 1073 1098 1129 esse,

412 1149 455 1214 Et
469 1151 557 1226 sciat,
573 1161 606 1214 et
620 1150 727 1235 possit,
744 1161 829 1214 tutor
845 1151 964 1237 ubique
980 1164 1063 1219 tuus.

371 1252 456 1337 Ergo
470 1264 632 1339 quaeratur
646 1253 700 1317 lux
715 1252 802 1334 cleri,
816 1252 917 1337 gloria
931 1256 1036 1338 gentis

410 1354 601 1439 Anglorum,
617 1354 698 1439 regis
713 1355 855 1436 dextera,
868 1355 969 1420 forma
984 1357 1070 1422 boni.

368 1458 529 1532 Quaesitus
543 1457 634 1542 regni
648 1457 707 1523 tibi
722 1457 929 1523 cancellarius
945 1460 1054 1544 Angli,

410 1560 536 1625 Primus
551 1559 685 1625 sollicita
699 1572 806 1625 mente
822 1562 980 1646 petendus
994 1561 1064 1626 erit.

365 1663 428 1728 Hic
442 1677 491 1728 est
505 1663 561 1751 qui
576 1663 665 1748 regni
681 1663 767 1747 leges
782 1663 939 1728 cancellat
953 1665 1087 1751 iniquas,

406 1767 450 1832 Et
464 1767 615 1831 mandata
630 1765 673 1851 pii
689 1765 840 1851 principis
855 1788 949 1853 aequa
964 1766 1050 1831 lacit.

363 1870 397 1934 Si
412 1870 490 1956 quid
504 1869 595 1933 obest
608 1867 737 1953 populo,
752 1867 803 1932 vel
819 1869 960 1933 moribus
974 1878 1023 1933 est
1037 1867 1213 1946 inimicum,

405 1971 568 2057 Quicquid
585 1970 617 2034 id
632 1981 689 2045 est,
705 1992 762 2054 per
777 1992 852 2033 eum
866 1970 983 2035 desinit
996 1993 1064 2036 esse
1080 1994 1206 2037 nocens.

363 2073 497 2139 Publica
512 2072 640 2158 privatis
655 2071 710 2158 qui
726 2071 855 2157 praefert
869 2074 1037 2138 commoda
1052 2096 1195 2160 semper:

406 2175 566 2260 Quodque
581 2173 636 2237 dat
651 2173 683 2236 in
700 2173 816 2257 plures,
833 2173 921 2239 ducit
936 2175 968 2239 in
985 2197 1049 2239 oere
1066 2198 1132 2242 suo.

364 2278 459 2354 Quod
474 2278 529 2341 dat
543 2275 654 2353 habet;
669 2276 754 2361 quod
769 2276 877 2353 habet,
889 2277 993 2361 dignis
1008 2278 1119 2342 donat:
1137 2277 1204 2342 vice
1221 2302 1315 2346 versa

404 2377 547 2464 Spargit3
572 2377 627 2442 sed
642 2399 758 2463 sparsae
774 2378 1026 2464 multiplicantur
1040 2402 1126 2465 opes.

360 2483 470 2568 thue
486 2482 586 2545 virum
604 2480 701 2545 virtus
715 2480 825 2563 animi,
839 2482 884 2546 sic
898 2482 1001 2567 gratia
1016 2485 1139 2564 formae,

402 2584 554 2671 Undique
571 2583 751 2648 mirandum
766 2584 915 2669 gentibus
929 2607 997 2649 esse
1013 2585 1098 2652 lacit.

356 2687 481 2752 Tardus
496 2687 537 2751 ad
551 2687 636 2751 huuc
654 2686 780 2751 Samius
795 2687 820 2752 si
837 2700 937 2752 certat
952 2689 1100 2753 acumine
1116 2688 1243 2765 mentis,

399 2790 614 2876 indoctusque
631 2789 734 2865 Plato,
751 2790 916 2876 Varroque
931 2789 1046 2855 stultus
1060 2792 1129 2857 erit.

356 2891 454 2958 Curio
469 2891 494 2955 si
510 2903 610 2955 certet
624 2890 738 2971 verbis,
753 2891 897 2955 vincetur
911 2890 952 2954 ab
968 2890 1053 2975 ips03

400 2994 521 3072 Victus,
536 2992 561 3057 si
578 3004 688 3071 certet,
705 2992 924 3067 Quintilianus
938 2993 1008 3056 erit.

355 3099 460 3184 Hujus
475 3119 565 3162 nosse
580 3096 712 3160 domum
729 3117 791 3159 uon
807 3109 856 3160 est
871 3118 920 3160 res
934 3096 1051 3172 ardua;
1075 3096 1173 3161 cuivis

396 3202 469 3266 Non
484 3201 565 3266 duce
581 3198 725 3286 quaesito,
743 3197 857 3263 samita
871 3199 945 3264 trita
961 3209 1058 3285 patet.

353 3303 438 3367 Nota
452 3303 564 3367 domus
578 3303 709 3378 cunctis,
727 3302 802 3366 vitio
819 3325 881 3367 non
898 3303 1026 3387 cognita
1040 3302 1099 3366 soli

395 3403 507 3479 Lucet,
523 3404 564 3467 ab
579 3403 639 3465 hac
653 3402 758 3467 lucem
773 3403 872 3477 dives,
888 3426 1018 3488 egenus,
1035 3403 1163 3470 habent.

350 3506 411 3570 llla
426 3516 513 3591 patet
527 3503 659 3579 miseris,
676 3515 764 3589 patet
777 3516 810 3567 et
825 3505 938 3568 domus
953 3506 1008 3570 illa
1022 3507 1133 3584 beatis,

395 3608 458 3672 Hic
473 3618 562 3693 patre
577 3606 704 3670 laetatur
718 3606 841 3670 advena
856 3606 991 3693 quisque
1006 3629 1071 3672 suo.

351 3711 461 3786 Quum
479 3720 615 3774 reserata
629 3706 728 3772 semel
744 3708 841 3773 fuerit
855 3708 914 3772 tibi
924 3709 1035 3794 janua,
1049 3731 1179 3774 currens

394 3812 448 3876 Ad
463 3811 639 3875 thalamum
654 3810 776 3873 domiui
792 3811 995 3896 progrediere
1011 3810 1068 3877 tui.

348 3914 506 3999 Exspecta
519 3913 596 3975 dum
612 3911 705 3975 turba
720 3911 809 3989 fluat,
825 3932 899 3997 quae
914 3911 1015 3976 servat
1029 3910 1062 3975 in
1078 3910 1161 3992 aula,

392 4017 551 4102 Fessaque
566 4014 628 4078 siut
642 4013 763 4077 domini
775 4013 921 4076 membra
935 4012 1072 4076 fovenda
1087 4023 1165 4077 toro.

351 4118 512 4196 Accedes,
529 4117 654 4182 vultum
669 4115 808 4180 mutabis
822 4114 963 4180 mantica
978 4136 1080 4199 nugas

389 4221 539 4289 Excutiat
548 4251 557 4303 3
581 4242 712 4306 peregre
728 4242 813 4284 nunc
829 4218 1015 4305 peregrinus
1030 4230 1090 4283 eat.

345 4327 417 4393 Non
432 4337 541 4392 tamen
557 4323 714 4401 ostendas,
731 4323 839 4388 oculos
854 4322 939 4409 quod
954 4321 1104 4407 principis
1120 4335 1201 4404 urat,
