3309 5309
346 697 416 742 cae.
434 678 481 758 v.]
702 695 956 741 rosrcnarrcus.
1238 683 1302 740 275

345 859 378 911 et
401 847 459 932 qui
482 847 587 930 tangit
611 868 677 925 vos,
699 845 803 930 tangit
827 844 984 931 pupillam
1010 844 1094 909 oculi
1117 848 1189 910 mei.
1236 845 1297 909 Illa

348 970 422 1012 vero
440 947 628 1025 reverentia,
648 970 722 1034 quae
742 947 774 1011 in
797 969 904 1012 rerum
920 948 1121 1012 veneratione
1141 947 1295 1024 consistit,

347 1049 516 1136 multiplex
531 1062 589 1115 est.
633 1054 700 1115 Aut
710 1049 793 1113 enim
808 1050 987 1134 corporales
1002 1072 1051 1113 res
1065 1062 1151 1126 sunt,
1164 1062 1202 1114 ut
1213 1049 1298 1113 aedes

347 1164 379 1216 et
403 1156 473 1216 loca
492 1173 591 1226 sacra,
611 1163 644 1215 et
665 1173 740 1235 quae
761 1151 823 1237 piis
845 1150 992 1215 dicantur
1014 1150 1136 1228 usibus,
1152 1163 1183 1216 et
1201 1151 1295 1216 sacri-

347 1253 420 1317 ficia
445 1276 517 1338 quae
540 1252 708 1317 visibiliter
729 1264 928 1317 exercentur.
980 1256 1049 1317 Aut
1073 1252 1297 1339 incorporales,

348 1366 385 1418 ut
402 1355 480 1439 jura
494 1377 567 1440 quae
590 1354 685 1418 sacris
707 1353 801 1418 rebus
820 1365 1018 1437 competunt,
1038 1377 1113 1440 quoe
1135 1369 1299 1435 temerare,

349 1457 550 1544 sacrilegium
569 1469 618 1523 est
640 1468 741 1521 morte
761 1457 926 1541 piandum,
943 1457 1042 1520 aliave
1061 1479 1156 1544 poena
1177 1458 1298 1541 gravis·

349 1559 440 1635 sima,
460 1582 520 1644 pro
541 1559 697 1646 qualitate
719 1558 857 1625 admissi.
905 1562 1022 1624 Rerum
1043 1580 1118 1621 vero
1138 1581 1297 1622 sacrarum

347 1661 582 1727 immunitatem
605 1661 793 1739 convellere,
814 1663 978 1746 insurgere
1000 1661 1032 1724 in
1057 1664 1162 1725 Deum
1185 1673 1244 1737 est,
1266 1674 1299 1725 et

349 1763 442 1848 quasi
461 1763 628 1828 vendicare
648 1785 721 1827 eum
742 1764 774 1828 in
799 1764 996 1828 servitutem.
1040 1767 1086 1828 Et
1107 1763 1236 1847 quidem
1258 1762 1299 1825 de

344 1866 420 1950 jure
443 1863 552 1929 divino
580 1887 640 1950 pro
665 1888 698 1929 se
724 1876 854 1951 possent
880 1865 983 1929 multa
1006 1864 1153 1950 proponi,
1181 1863 1235 1927 sed
1263 1877 1300 1928 ut

350 1967 476 2031 acmulae
503 1968 671 2053 potestatis
700 1989 762 2030 uon
792 1967 988 2053 obloquatur
1010 1966 1154 2044 audacia,
1178 1965 1211 2028 in
1242 1965 1300 2029 hac

350 2082 442 2154 parte
465 2081 587 2134 statuta
611 2069 790 2155 principum
814 2068 911 2132 latius
932 2082 964 2134 et
988 2067 1158 2153 benignius
1178 2079 1301 2153 patent,

352 2191 424 2254 quae
453 2167 547 2231 fidem
579 2168 791 2234 Christianam
818 2183 1020 2249 venerantur,
1049 2169 1239 2255 approbant,
1267 2181 1300 2233 et

350 2269 555 2334 ecclesiarum
576 2281 608 2334 et
628 2271 844 2336 ministrorum
865 2271 1071 2357 omniumque
1091 2270 1232 2336 locorum
1248 2294 1301 2336 ve·

350 2370 536 2435 uerabilium
551 2371 718 2458 privilegia
731 2373 878 2438 universa
888 2373 1085 2438 confirmant.
1123 2374 1203 2449 Quis
1217 2373 1301 2438 enim

350 2472 514 2558 principis,
534 2474 628 2560 cujus
652 2478 804 2538 memoria
826 2476 859 2539 in
883 2475 1101 2539 benedictione
1126 2488 1184 2550 est,
1206 2479 1302 2540 Arca-

351 2572 440 2637 dium
462 2578 587 2661 loquor,
612 2577 871 2641 constitutionem
894 2597 957 2638 nou
982 2576 1128 2640 audivit?
1168 2576 1201 2637 Si
1227 2577 1301 2661 quis

350 2674 383 2739 in
399 2675 458 2739 hoc
472 2699 574 2760 genus
588 2677 742 2759 sacrilegii
753 2676 912 2761 prorupit,
923 2688 959 2739 ut
974 2677 1007 2738 in
1023 2675 1181 2739 Ecclesias
1195 2675 1303 2738 catho-

349 2778 426 2843 licas
449 2779 584 2857 irruens,
610 2777 827 2842 sacerdotibus
852 2790 884 2842 et
907 2778 1070 2853 ministris,
1098 2777 1148 2840 vel
1173 2780 1205 2841 in
1232 2777 1302 2863 ipso

350 2878 441 2943 cultu
457 2880 563 2942 locove
580 2876 701 2962 aliquid
721 2877 873 2962 importet
892 2877 1029 2963 injuriae,
1043 2877 1130 2964 quod
1145 2877 1269 2961 geritur
1283 2901 1303 2940 a

349 2979 523 3064 provinciae
544 2976 721 3040 rectoribus
742 2978 1024 3055 animadvertatur,
1045 2991 1141 3065 atque
1163 2982 1210 3042 ita
1231 3000 1303 3064 pro-

349 3081 464 3145 vinciae
486 3077 678 3154 moderator,
692 3077 890 3142 sacerdotum
912 3093 945 3143 et
967 3079 1121 3146 Ecclesia
1145 3079 1303 3143 ministro·

348 3203 433 3259 rum,
457 3178 517 3244 loci
538 3202 668 3265 quoque
686 3180 815 3244 illorum
837 3193 870 3245 et
892 3181 992 3245 divini
1014 3182 1119 3247 cultus
1141 3180 1303 3267 iujuriam,

349 3281 479 3369 capitali
493 3281 527 3345 in
542 3282 704 3346 convictos
723 3282 788 3346 sive
806 3284 965 3348 confessos
984 3306 1054 3348 reos
1076 3285 1232 3348 sententia
1247 3306 1302 3348 no·

349 3384 432 3447 verit
446 3405 513 3446 esse
528 3381 770 3448 vendicandum.
816 3385 884 3448 Nec
899 3398 1045 3470 expectet
1067 3398 1103 3450 ut
1123 3385 1304 3473 Episcopus

350 3484 478 3570 injuriae
493 3483 631 3569 propriae
645 3484 799 3549 ultionem
814 3484 977 3571 deposcat,
987 3486 1039 3549 cui
1051 3486 1201 3552 sanctitas
1214 3488 1224 3550 i
1228 3511 1304 3570 gno-

349 3583 456 3648 scendi
482 3584 616 3668 gloriam
646 3584 828 3671 dereliquit,
855 3587 961 3671 sitque
984 3587 1107 3651 cunctis
1132 3586 1303 3663 laudabile,

349 3686 451 3750 factas
465 3699 586 3751 atroces
606 3688 824 3753 sacerdotibus
839 3702 895 3753 aut
910 3688 1061 3754 ministris
1079 3689 1224 3774 injurias,
1240 3689 1304 3753 vel-

352 3791 401 3852 uti
415 3786 580 3873 publicum
596 3789 714 3851 cumen
736 3789 896 3875 persequi,
910 3812 947 3853 ac
961 3790 1002 3855 de
1017 3790 1135 3855 talibus
1150 3790 1303 3855 ultionem

352 3889 474 3955 mereri.
531 3890 628 3953 Item:
665 3889 775 3955 Placet
804 3891 980 3956 clementiae
1004 3905 1131 3969 nostrae,
1158 3906 1195 3957 ut
1224 3893 1303 3957 nihil

351 4013 519 4055 commune
532 3990 637 4055 clerici
653 4014 724 4055 cum
747 3993 885 4078 publicis
899 3994 1077 4059 actionibus
1091 3995 1239 4073 habeant,
1256 3993 1304 4056 vel

352 4091 394 4156 ad
424 4092 546 4157 curiam
579 4093 823 4177 pertinentibus,
854 4097 948 4182 cujus
981 4097 1105 4182 corpori
1136 4118 1198 4157 non
1229 4105 1303 4156 sunt

352 4194 477 4259 annexi.
522 4195 567 4258 Et
589 4194 683 4259 alibi:
713 4197 746 4260 Si
769 4198 907 4262 ecclesiae
928 4197 1118 4262 venerabilis
1140 4192 1306 4278 privilegia

351 4297 543 4382 cujusquam
568 4296 689 4362 fuerint
713 4298 764 4361 vel
791 4297 969 4362 temeritate
992 4296 1120 4371 violata,
1144 4294 1191 4356 vel
1215 4292 1307 4355 dissi-

799 4418 819 4460 r
835 4405 855 4460 2
