3309 5309
350 670 394 728 ot
613 681 749 724 colurus
765 677 1045 724 saansaanmusrs
1175 658 1255 738 [tta.
1272 673 1308 725 1'1.

352 831 467 897 audeat
478 835 509 908 iff'
532 832 664 908 Quoties
677 854 754 915 ergo
766 831 812 894 sol
823 831 856 893 i‘n
869 828 949 892 coelo
964 828 1120 914 geminari
1133 828 1308 912 videbitur,

351 934 589 1000 inundationem
606 956 761 1019 aquarum
778 933 941 1019 subjectus
956 932 1042 996 orbis
1056 945 1229 1020 exspectet.
1259 937 1305 998 Et

352 1035 425 1100 licet
441 1059 459 1099 a
475 1037 604 1101 raritate
627 1037 687 1115 sui,
702 1037 863 1100 miraculis
878 1036 1026 1100 videatur
1048 1036 1209 1115 accedere,
1223 1059 1305 1120 opus

353 1151 457 1202 tamen
481 1150 603 1202 naturae
623 1150 682 1213 est,
700 1160 773 1224 quae
793 1137 924 1224 quidem
947 1137 1044 1201 solem
1067 1160 1131 1202 non
1151 1140 1303 1223 geminat,

353 1239 408 1303 sed
431 1240 548 1304 nubem
579 1239 767 1304 simillimam
798 1238 886 1319 facit,
908 1251 1107 1326 vocaturque
1129 1239 1303 1326 parhelion.

351 1346 414 1408 Est
437 1347 518 1407 enim
535 1342 698 1429 parhelion
715 1343 816 1407 nubes
831 1342 989 1406 simillima
1004 1343 1074 1421 soli,
1090 1344 1217 1428 signum
1233 1342 1304 1429 qui·

352 1445 424 1511 dem
440 1467 606 1510 commune
629 1446 749 1523 multis,
765 1446 824 1510 etsi
845 1469 906 1510 non
929 1446 1086 1531 generale.
1134 1446 1302 1532 Signorum

353 1547 511 1634 siquidem
538 1548 600 1613 alia
625 1548 840 1634 particularia,
865 1547 927 1611 alia
957 1547 1156 1612 universalia.
1203 1547 1305 1612 Parti·

352 1651 471 1715 colaria
492 1673 568 1714 vero
590 1650 712 1715 faciunt
735 1649 879 1734 singulm,
902 1649 1092 1714 universalia
1113 1648 1224 1713 multis
1248 1659 1303 1713 aut

353 1753 516 1818 universis.
562 1753 710 1841 Utraque
731 1766 850 1829 autem,
866 1752 961 1816 modo
982 1775 1022 1815 ex
1045 1751 1219 1828 elementis,
1242 1750 1305 1816 dis-

352 1854 507 1940 positione
527 1855 687 1932 creatoris,
703 1853 798 1918 modo
818 1877 858 1917 ex
879 1865 995 1917 natura
1013 1876 1129 1932 rerum,
1149 1851 1245 1917 modo
1264 1874 1303 1918 ex

353 1957 475 2021 malitia
511 1955 705 2032 damonum,
743 1955 886 2020 homines
924 1955 1063 2020 Domino
1100 1955 1304 2041 permittente

352 2058 599 2134 ludificantium,
616 2060 782 2142 provenire
797 2057 959 2123 dicuntur.
999 2057 1061 2121 Sed
1077 2081 1162 2143 quae,
1178 2068 1209 2120 et
1225 2079 1304 2142 quo-

351 2158 458 2235 modo,
473 2181 577 2244 quave
593 2157 632 2221 de
652 2182 757 2236 causa,
776 2158 934 2245 judicium
952 2158 1082 2243 quidem
1098 2157 1225 2222 difficile
1247 2170 1305 2236 est,

352 2271 385 2324 et
406 2260 591 2345 frequenter
611 2261 777 2335 incertum,
801 2272 833 2322 ct
856 2281 941 2344 saepe
962 2258 1069 2338 altius,
1085 2282 1180 2344 quam
1205 2272 1240 2325 ut
1263 2259 1304 2323 ab

352 2362 479 2425 homine
495 2361 597 2424 valeat
612 2360 767 2446 expediri.
798 2360 856 2423 Eis
872 2373 975 2424 tamen
991 2359 1146 2424 licentiori
1161 2361 1303 2426 vanitate

352 2461 647 2527 mathematicorum
663 2462 773 2528 referti
788 2474 862 2526 sunt
878 2461 961 2525 libri.
1006 2461 1126 2525 AEneas

455 2579 543 2633 Matre
554 2580 605 2633 dea
616 2586 775 2633 monstrante
786 2581 865 2644 viam,
876 2579 939 2631 data
950 2577 1005 2631 fata
1017 2584 1135 2632 secutum

351 2707 383 2748 se
398 2687 521 2762 asserit,
538 2709 575 2748 eo
596 2686 683 2771 quod
703 2685 881 2770 egredienti
902 2682 1045 2761 Lucifer,
1062 2683 1167 2769 quiet
1185 2685 1301 2764 Venus,

351 2785 450 2850 donec
464 2789 506 2851 ad
523 2787 648 2851 ltaliam
665 2787 856 2873 perveniret,
872 2785 1020 2872 apparuit
1035 2786 1224 2872 auspicanti.

455 2900 581 2954 Defectus
592 2902 654 2954 solis
665 2903 758 2966 varios,
769 2901 888 2970 lunaque
900 2899 1012 2964 labores,

349 3028 454 3070 rerum
471 3005 636 3072 eventibus
651 3004 816 3069 curiositas
831 3004 969 3069 humana
983 3016 1120 3091 coaptat.

407 3247 487 3331 Cap.
503 3256 532 3313 4.
556 3250 608 3313 De
623 3251 726 3332 signu
741 3269 818 3332 quae
828 3255 1067 3332 praecesserant
1080 3249 1239 3312 accidiam

541 3351 873 3433 Hierosolymitnnum
889 3353 1106 3414 anonumum.

391 3481 508 3543 Varus
537 3480 635 3545 refert
660 3481 793 3545 historia
810 3482 872 3561 (sic
893 3482 980 3546 dicta
1002 3482 1089 3569 quod
1116 3493 1163 3546 est
1186 3493 1299 3547 auctor

348 3578 417 3662 ejus
431 3577 580 3660 incertus,
592 3593 623 3644 et
634 3593 742 3645 vetera
757 3581 870 3665 refert)
883 3583 971 3667 quod
983 3585 1167 3647 imminente
1183 3583 1314 3650 Hiero·.

348 3677 542 3762 solymorum
564 3681 700 3760 excidio,
716 3683 840 3768 eclipsis
856 3685 939 3749 lunae
963 3710 1017 3770 per
1041 3686 1210 3749 duodecim
1226 3708 1299 3758 noc,-

347 3792 396 3843 tes
411 3780 576 3846 continuas
587 3783 682 3849 etiam
694 3787 727 3848 in
738 3787 957 3848 remotissimis
972 3788 1049 3851 locis
1062 3800 1224 3871 protracta
1240 3799 1300 3866 est,

346 3878 430 3944 forte
460 3880 638 3966 significans
668 3885 815 3950 ludaicae
844 3886 997 3972 perfidiae,
1026 3901 1057 3951 et
1088 3888 1298 3972 superstitiosi

347 3981 460 4045 erroris
482 3985 685 4066 eversionem,
705 4010 790 4070 qum,
812 3988 941 4052 Christo
962 4012 1018 4070 per
1039 3990 1297 4071 praedicationem

347 4083 565 4168 Apostolicam
590 4086 708 4150 mundo
729 4088 939 4162 illucescente,
958 4088 1128 4149 rectissimo
1151 4092 1296 4177 contigit.

346 4186 510 4271 Scriptum
525 4200 573 4251 est
584 4187 682 4252 enim:
701 4188 827 4253 Stultus
843 4200 986 4250 mutatur
1002 4205 1037 4250 ut
1057 4188 1161 4268 Luna,
1173 4195 1298 4279 sapiens
1341 4182 1363 4258 ,⁴

345 4311 420 4353 vero
434 4310 506 4356 cum
519 4288 591 4356 Sole
605 4304 775 4376 permanet.
809 4288 883 4353 Alia
893 4308 1028 4376 quoque
1039 4312 1136 4375 quam
1150 4292 1300 4378 plurima,
