3309 5309
716 684 940 731 ENTHETICUS.
968 693 971 699 ’

396 833 533 920 Hispida
548 835 701 912 caesar-ies,
717 835 818 900 barba
833 833 932 899 recisa
947 855 1070 920 perum.

349 934 462 1020 Sitque
476 936 580 1020 gravis
595 937 712 1017 vultus,
727 937 791 1001 sint
805 936 891 1001 frons
905 934 1054 1022 oculique
1070 933 1192 1021 pudici,

393 1038 603 1126 insontesque
618 1062 743 1116 manus,
759 1061 881 1126 pauper
896 1038 1031 1103 amictus
1045 1038 1114 1103 erit.

348 1137 436 1205 Dum
453 1140 511 1206 tibi
528 1142 704 1207 conductus
718 1141 825 1220 fuerit,
841 1140 980 1206 securior
995 1140 1066 1219 ibis,

392 1241 435 1306 Et
449 1243 500 1308 via
515 1243 555 1308 sit
570 1243 706 1329 pedibus
721 1242 876 1331 quaelibet
890 1254 965 1329 apte
979 1242 1051 1308 tuis.

347 1344 395 1407 At
409 1347 435 1408 si
451 1345 600 1421 deluerit,
614 1345 725 1431 longas
739 1344 895 1431 protende
909 1344 1032 1425 dinetus,

393 1446 629 1532 Contineatque
644 1448 743 1533 pedes
757 1446 887 1533 publice
901 1457 999 1511 strata
1012 1457 1093 1514 tuos.

350 1545 520 1633 Nusquam
536 1547 685 1628 divertas,
699 1570 740 1612 ne
756 1548 827 1633 quis
841 1559 873 1612 te
887 1548 985 1612 loedet
998 1558 1139 1615 euntem.

397 1648 630 1734 Nugarumque
645 1648 714 1712 luat
727 1648 856 1732 garrula
869 1647 979 1732 lingue
994 1659 1092 1715 notes.

350 1748 483 1827 Omnia,
499 1749 526 1813 si
542 1749 653 1831 nescis,
668 1749 739 1813 loce
753 1759 827 1813 sunt
842 1747 1025 1835 plenissime
1039 1747 1148 1833 nugis3

398 1850 545 1925 Quarum
561 1861 628 1916 totu
643 1850 754 1915 cohors
768 1860 816 1916 est
831 1849 960 1914 inimico
974 1848 1043 1916 tibi.

351 1952 496 2017 Ecclesia
511 1975 607 2038 nugoe
622 1963 767 2038 regnant,
783 1964 817 2017 et
830 1951 982 2038 principis
996 1950 1086 2028 aula3

392 2056 432 2119 ln
448 2055 586 2120 claustro
601 2066 746 2140 regnant,
762 2053 984 2141 pontificisque
999 2053 1103 2121 domo.

349 2158 388 2229 In
404 2157 497 2242 nugis
512 2157 627 2240 clerus,
642 2158 675 2221 in
690 2158 783 2243 nugis
798 2156 910 2222 militis
924 2179 1016 2234 usus3

389 2260 428 2323 In
444 2260 537 2345 nugis
548 2261 698 2346 juvenes,
714 2271 844 2348 totaque
860 2260 956 2325 turba
970 2281 1094 2326 senum.

347 2362 497 2429 Rusticus
515 2363 549 2427 in
565 2363 667 2448 nugis,
682 2364 716 2428 in
731 2364 825 2448 nugis
840 2385 933 2429 sexus
948 2374 1104 2450 uterque;

394 2468 521 2547 Servus,
537 2478 571 2532 et
585 2468 755 2554 ingenuus,
771 2468 870 2545 dives,
886 2490 1017 2554 egenus,
1032 2468 1064 2532 in
1080 2467 1138 2533 his.

348 2569 504 2635 Accelera
520 2592 656 2655 gressus,
672 2582 767 2635 cnuto
781 2570 956 2656 diplomate
971 2592 1107 2657 pergens

391 2671 443 2736 Ad
459 2694 560 2753 mare,
575 2695 639 2759 quo
657 2671 778 2737 Morini
791 2672 900 2737 littore
916 2684 1022 2736 nostro
1037 2682 1161 2759 petunt.

349 2776 535 2863 Hospitium
552 2778 683 2843 tandem
699 2800 769 2843 sera
785 2800 858 2843 cum
874 2787 968 2843 nocte
982 2775 1115 2858 subibis,

391 2877 439 2943 Ut
453 2879 569 2959 valeus,
586 2893 654 2945 esto
668 2879 802 2957 sobrius,
818 2893 887 2946 esto
901 2879 1014 2966 gravis.

347 2981 438 3045 Gens
451 2983 648 3067 penetranda
658 2982 728 3062 tibi,
740 2983 907 3069 praelarga,
919 2981 1091 3068 bibaxque,
1102 2982 1298 3068 loquaxque,

389 3082 433 3147 Et
448 3083 511 3161 cui,
527 3085 560 3148 ni
576 3108 698 3150 morem
714 3086 859 3170 gesseris,
875 3085 973 3150 hostis
987 3084 1061 3150 eris.

347 3185 529 3269 Emergunt
542 3185 615 3250 lites
629 3187 777 3265 modicae,
793 3209 873 3273 ques
886 3207 1004 3270 magna
1020 3196 1197 3273 sequuntur

388 3288 510 3372 Jurgia,
528 3286 714 3353 vulneribus
729 3288 817 3368 loeta,
832 3309 1010 3374 necemque
1025 3287 1140 3354 lerunt.

347 3390 412 3455 Sed
427 3391 504 3478 quia
518 3390 671 3456 virtutem
686 3413 765 3476 gens
780 3390 894 3475 diligit,
911 3400 945 3454 et
958 3403 1138 3470 ueneratur,

389 3492 424 3557 Si
439 3493 522 3558 bene
539 3493 678 3559 crederis
693 3494 809 3572 vivere,
827 3505 916 3560 tutus
929 3493 1000 3560 eris.

346 3595 421 3660 Non
438 3596 534 3661 modo
548 3607 637 3662 tutus
652 3596 724 3677 eris,
741 3597 799 3662 sed
813 3619 939 3662 summo
954 3596 1070 3682 dignus
1085 3597 1204 3662 honore

387 3698 536 3787 Quaeque
550 3699 631 3764 libet
645 3699 726 3779 fieri,
742 3711 859 3765 cuncta
872 3699 1006 3765 licenter
1022 3723 1093 3785 ege.

346 3801 464 3866 Cautio
478 3813 510 3866 te
527 3801 602 3867 felix
617 3802 740 3886 genuit,
756 3814 788 3867 te
805 3802 923 3868 cantia
936 3803 1025 3880 fovit,

392 3904 528 3970 illustris
543 3927 668 3990 regum,
683 3906 936 3993 pontificumque
951 3928 1077 3992 parens.

346 4006 411 4071 Hic
425 4006 485 4071 tibi
500 4006 646 4086 debetur,
662 4008 754 4073 sodes
769 4009 905 4096 finisque
921 4007 1085 4074 laborum:

391 4108 451 4174 lllu
465 4109 524 4174 tibi
540 4111 684 4198 requiem
700 4124 871 4198 proeparat,
887 4112 942 4176 illa
956 4112 1097 4176 domum.

350 4209 528 4294 Anglorum
538 4213 653 4278 sedem
669 4215 804 4300 primam
820 4227 906 4301 pete,
924 4215 989 4278 sive
1008 4213 1195 4290 Britonum3

394 4312 429 4374 Si
445 4313 613 4380 Britonum
630 4317 730 4382 mavis
744 4317 862 4396 dicere,
879 4339 975 4382 nemo
990 4329 1087 4382 vetat.
