3309 5309
348 657 389 712 44
613 663 749 708 soanrus
766 658 1043 705 sanesnnmnnsrs
1177 637 1261 711 [nra.
1280 657 1303 698 1.

346 817 472 882 inimica
489 817 530 881 sit
549 817 673 889 animae,
689 825 720 876 et
741 812 781 875 de
801 809 964 873 domicilio
982 809 1052 893 ejus
1071 805 1178 870 omnia
1193 805 1301 870 studia

346 918 474 983 virtutis
489 917 648 982 eliminet·
678 914 802 980 Clamat
819 911 966 989 Etbicus,

452 1052 545 1104 Cernis
556 1057 585 1104 ut
596 1052 719 1119 ignavum
731 1051 893 1118 corrumpant
905 1046 959 1098 otia
971 1061 1069 1114 corpus,

487 1138 524 1190 Et
536 1137 639 1208 capiant
650 1135 749 1197 vitium,
760 1134 788 1184 ui
799 1137 960 1193 moveantur,
972 1130 1063 1198 aquae?

348 1256 465 1336 Quod?
488 1256 604 1342 inquis.
642 1253 742 1317 Audi.
781 1253 893 1316 Disces
908 1251 934 1313 si
949 1249 1050 1312 eidem
1067 1247 1246 1312 credideris.

452 1387 582 1450 Quaeritur
592 1384 731 1452 AEgisthus
742 1400 820 1453 quare
831 1383 866 1433 sit
875 1380 958 1434 factus
970 1380 1081 1444 adulter,

488 1474 576 1526 Causa
587 1477 628 1524 est
639 1473 664 1523 in
677 1476 804 1542 promptu,
816 1469 960 1521 desidiosus
971 1471 1036 1521 erat.

347 1592 567 1659 Literatissimi
593 1615 669 1675 ergo
696 1589 753 1653 viri
781 1587 945 1653 consilium
972 1599 1039 1659 est;
1076 1600 1112 1651 ut
1139 1585 1238 1650 hostis
1265 1597 1303 1650 te·

347 1717 469 1781 semper
487 1695 627 1760 iuveniat
647 1705 934 1779 occupatumque
957 1689 1051 1753 variis
1066 1688 1298 1754 tentationibus

345 1798 425 1883 ejus,
453 1798 697 1883 occupationum
735 1808 863 1858 tuarum
894 1791 1022 1877 clypeos
1052 1805 1116 1855 tam
1151 1788 1298 1860 feliciter,

346 1921 441 1983 quam
456 1896 632 1986 prudenter
646 1916 798 1980 opponas.

486 2029 604 2082 Vitanda
615 2033 665 2092 est,
677 2027 760 2095 inquit
772 2026 891 2090 Ethicus,
902 2027 1018 2097 improba
1031 2027 1105 2078 Siren

452 2114 572 2168 Desidia.

345 2238 389 2300 At
416 2256 485 2298 eam
512 2234 627 2298 nostris
656 2247 830 2319 prorogant
859 2232 1036 2301 histriones.
1079 2234 1299 2317 Exoeeupatis

346 2334 460 2401 etenim
482 2335 643 2400 mentibus
658 2350 828 2422 surrepunt
850 2335 957 2414 taedia,
973 2358 1102 2421 seseque
1122 2356 1185 2398 non
1201 2333 1297 2398 susti·

346 2447 468 2516 nerent,
483 2435 507 2499 si
523 2459 584 2499 uon
601 2436 736 2522 alicujus
753 2434 926 2522 voluptatis
946 2435 1057 2500 solatio
1071 2434 1298 2499 mulcerentur.

346 2537 493 2603 Admissa
521 2550 595 2603 sunt
625 2561 701 2624 ergo
725 2537 903 2624 spectacula
928 2550 960 2601 et
988 2537 1112 2601 infinita
1142 2533 1299 2621 tyrocinia

346 2640 507 2715 vanitatis,
537 2640 657 2726 quibus
690 2638 747 2727 qui
776 2639 905 2704 omuino
938 2639 1030 2703 otiari
1060 2662 1122 2703 non
1153 2650 1297 2724 possunt,

345 2741 550 2828 perniciosius
571 2756 778 2830 occupentur.
818 2742 925 2807 Satius
948 2745 1031 2806 enim
1057 2743 1162 2805 fuerat
1188 2740 1295 2817 otiari,

346 2865 441 2928 quam
455 2843 591 2930 turpiter
601 2845 761 2930 occupari.
793 2844 880 2908 Hine
892 2843 989 2919 mimi,
1001 2843 1080 2920 salii,
1095 2842 1142 2906 vel
1155 2841 1296 2920 saliares,

344 2943 535 3027 balatrones,
546 2944 704 3024 aemiliani,
719 2945 920 3028 gladiatores,
932 2945 1125 3032 palaestritae,
1141 2943 1295 3030 gignadii,

344 3048 604 3135 praestigiatores,
619 3046 751 3111 malefici
770 3071 900 3135 quoque
920 3048 1025 3126 multi,
1041 3061 1072 3111 et
1089 3062 1157 3113 tota
1172 3046 1296 3132 jocula-

345 3161 449 3215 torum
467 3173 559 3217 scena
577 3150 730 3238 procedit.
770 3152 915 3228 Quorum
939 3150 1019 3214 adeo
1040 3172 1127 3213 error
1147 3147 1296 3229 invaluit,

345 3262 382 3315 ut
405 3273 423 3313 a
438 3250 598 3337 praeclaris
620 3252 768 3316 domibus
783 3275 844 3316 uon
863 3264 1041 3328 arceantur,
1057 3251 1151 3315 etiarn
1175 3250 1220 3314 illi
1236 3251 1294 3337 qni

344 3352 488 3415 obscenis
508 3352 653 3434 partibus
670 3357 821 3440 corporis,
837 3354 936 3419 oculis
955 3355 1096 3420 omnium
1118 3377 1185 3418 earn
1205 3353 1294 3437 inge-

344 3464 421 3516 runt
432 3453 676 3536 turpitudinem,
684 3477 779 3540 quam
790 3457 955 3522 erubeseat
967 3459 1072 3522 videre
1082 3458 1133 3522 vel
1142 3457 1294 3544 Cynicus.

345 3551 506 3638 Quodque
526 3554 626 3638 magis
648 3557 770 3638 mirere,
787 3579 845 3620 nec
868 3571 945 3622 tunc
964 3559 1145 3645 ejiciuntur,
1163 3557 1294 3646 quando

345 3652 579 3718 tumultuantes
593 3656 726 3721 inferius
740 3659 851 3722 erebro
871 3660 976 3724 sonitu
992 3684 1093 3724 aerem
1110 3661 1244 3737 foedaut,
1260 3672 1294 3725 et

345 3755 483 3841 turpiter
508 3757 679 3838 inclusum,
702 3761 830 3847 turpius
852 3760 1002 3847 produnt.
1049 3761 1206 3847 Nunquid
1234 3763 1294 3827 tibi

346 3858 473 3922 videtur
489 3858 622 3944 sapiens,
636 3862 693 3946 qui
715 3862 835 3940 oeulos,
852 3864 902 3926 vel
921 3887 1012 3929 aures
1027 3865 1095 3930 istis
1114 3865 1294 3949 expandit?

346 3959 427 4034 Quis
439 3973 542 4024 tamen
556 3960 689 4027 libenter
701 3987 762 4028 non
776 3965 883 4030 videat
894 3983 925 4030 et
936 3967 1048 4046 rideat,
1060 3989 1157 4052 quum
1171 3968 1297 4050 praesti-

344 4058 474 4144 giatoris
485 4059 562 4123 lotio
573 4061 694 4147 perfusi
706 4084 757 4127 ars
769 4063 903 4141 deletur,
916 4077 947 4128 et
959 4064 1069 4141 oculis,
1079 4088 1159 4150 quos
1172 4063 1294 4130 malitia
1346 4094 1349 4102 ·

346 4185 402 4227 sua
427 4163 677 4249 praestrinxerat,
703 4164 832 4229 videndi
858 4166 994 4231 facultas
1017 4168 1203 4252 reparatur?
1234 4170 1296 4234 Ju.

344 4265 484 4330 eundum
500 4264 629 4351 quidem
646 4280 704 4344 est,
720 4277 751 4331 et
766 4267 806 4332 ab
822 4267 954 4333 honesto
969 4291 1030 4332 non
1047 4269 1175 4350 recedit,
1188 4270 1292 4338 virum
