3309 5309
566 435 588 472 ἱ

354 656 418 713 270
601 666 736 712 tosurus
753 666 1032 713 stansasnrnnsls
1183 650 1262 729 [nm
1279 670 1308 712 v.

355 828 442 883 tauta
457 817 676 904 multiplicitas
690 827 749 894 est,
765 830 889 904 quanta
902 817 968 882 lere
989 830 1038 884 est
1057 818 1225 883 diversitas
1240 842 1309 904 per-

355 942 512 986 sonarum.
559 919 694 984 Publica
708 919 837 1006 quidem
853 919 959 984 omnia
974 918 1159 984 referuntur
1175 920 1310 986 adduas

355 1022 485 1110 species,
495 1035 552 1086 aut
564 1021 647 1087 enim
659 1044 679 1085 a
691 1021 813 1099 divino,
824 1034 881 1086 aut
891 1022 933 1086 ab
945 1021 1086 1086 humano
1095 1023 1173 1108 jure
1185 1022 1310 1086 descen-

354 1121 448 1188 dunt.
485 1125 567 1187 Haec
587 1136 695 1188 autem
712 1145 751 1187 ex
768 1123 859 1188 libris
876 1121 1050 1188 officiorum
1068 1123 1169 1187 latius
1189 1136 1311 1208 patent,

354 1225 411 1291 sed
436 1226 596 1312 pertinent
622 1226 663 1290 ad
694 1239 883 1311 praesentem
909 1229 1093 1301 articulum,
1116 1238 1154 1291 ut
1178 1226 1309 1311 publicis

353 1326 463 1392 officiis
479 1327 655 1391 reverentia
673 1326 889 1412 impendatur.
935 1327 1044 1391 Tanta
1061 1349 1202 1413 namque
1217 1326 1308 1392 debe-

354 1440 409 1492 tur
430 1428 485 1505 eis,
502 1441 622 1514 quanta
644 1441 691 1493 est
712 1427 883 1493 eminentia
904 1427 1076 1512 cujuslibet
1095 1428 1307 1514 magistratus.

354 1530 449 1594 Hauc
475 1529 604 1616 quidem
631 1542 688 1594 aut
713 1530 801 1609 facit,
827 1542 883 1594 aut
910 1528 1030 1593 indicat
1057 1530 1308 1615 uniuscujusque

353 1645 536 1719 competens
543 1631 738 1719 jurisdictio,
750 1654 849 1718 quum
863 1631 1040 1695 reverentia
1052 1634 1307 1717 magistratuum,
1336 1694 1339 1700 s

353 1747 410 1799 aut
440 1747 641 1820 contemptus
669 1733 827 1798 redundet
858 1732 890 1796 iu
920 1732 1083 1814 honorem,
1112 1745 1169 1797 aut
1200 1747 1308 1797 contu-

353 1836 479 1901 meliam
501 1837 728 1922 subjectorum.
766 1833 865 1898 Unde
880 1836 912 1898 in
928 1834 1211 1899 constitutionibus
1226 1834 1308 1920 prin-

351 1939 472 2026 cipum,
484 1953 517 2004 et
529 1939 776 2024 magistratuum
789 1935 912 2014 edictis,
921 1948 978 2001 aut
990 1937 1309 2023 promulgationibus,

352 2063 408 2127 per
432 2041 601 2127 prolepsim
626 2039 767 2126 plurium
790 2039 827 2104 fit
850 2039 1014 2124 conceptio
1034 2060 1254 2124 personarum,
1273 2051 1307 2102 ut

352 2167 416 2209 non
438 2157 503 2207 tam
523 2165 679 2227 persouae,
695 2148 792 2227 quam
808 2139 1024 2206 universitatis
1038 2153 1107 2205 tota
1121 2140 1307 2205 constitutio

352 2244 499 2308 videatur
528 2266 605 2322 esse,
635 2243 685 2307 vel
715 2243 841 2329 quaevis
869 2242 931 2307 alia
959 2242 1186 2328 promulgatio.
1238 2240 1307 2305 Hoc

350 2345 445 2410 etiarn
461 2345 614 2428 jura,ch
635 2367 769 2409 canones
791 2345 963 2431 ignoranti,
978 2369 1019 2410 ex
1043 2344 1309 2431 usuquotidiauo

350 2446 556 2532 perspicuum
572 2459 631 2512 est.
664 2449 765 2512 Porro
777 2448 930 2513 rationem
942 2448 1129 2526 officiorum,
1141 2471 1204 2513 non
1215 2448 1308 2512 modo

350 2571 508 2616 canonum
530 2562 562 2615 et
585 2549 692 2635 legum
715 2550 805 2627 scita,
828 2550 939 2616 sedet
965 2550 1144 2615 ethicorum
1168 2549 1308 2614 omnium

351 2664 514 2737 praecepta
524 2663 737 2737 exequuntur.
769 2653 845 2715 Mos
860 2665 965 2717 autem
978 2664 1025 2716 est
1040 2650 1157 2716 mentis
1168 2651 1309 2729 habitus,

351 2775 393 2817 ex
416 2776 481 2838 quo
502 2752 699 2838 singulorum
722 2775 855 2839 operum
878 2754 1048 2818 assiduitas
1070 2765 1189 2818 manat.
1235 2754 1307 2816 Non

351 2851 434 2915 enim
458 2853 484 2918 si
507 2852 587 2938 quid
610 2853 646 2917 fit
670 2853 764 2916 semel
787 2865 843 2918 aut
866 2853 1014 2940 amplius,
1037 2853 1144 2918 statim
1168 2853 1309 2917 moribus

351 2966 557 3039 aggregatur,
595 2954 654 3018 uisi
695 2953 886 3020 assiduitate
925 2953 1059 3019 faciendi
1097 2967 1241 3020 vertatur
1276 2957 1307 3018 in

351 3078 454 3121 usum.
502 3057 566 3121 Hic
590 3069 698 3121 autem
722 3057 857 3122 virtutes
879 3071 912 3123 et
934 3057 1013 3122 vitia
1039 3079 1132 3142 aeque
1155 3057 1308 3144 complec-

350 3158 443 3238 titur,
473 3156 546 3222 licet
576 3157 654 3222 vitia
683 3180 746 3221 nnn
776 3179 880 3222 mores
909 3181 987 3235 esse,
1011 3157 1068 3223 sed
1099 3181 1119 3221 a
1148 3158 1308 3245 plerisque

350 3255 498 3322 dicantur
513 3259 656 3324 moribus
670 3258 809 3323 obviare.
856 3263 894 3325 In
910 3281 977 3345 quo
997 3258 1129 3343 planum
1152 3271 1212 3336 est,
1228 3258 1308 3322 solas

351 3357 487 3423 virtutes
504 3361 622 3425 censeri
644 3361 770 3425 nomine
792 3384 926 3438 morum,
946 3383 1047 3446 quum
1071 3360 1172 3425 bonos
1191 3369 1307 3439 tamen,

349 3467 407 3521 aut
428 3458 528 3538 malos
549 3461 687 3527 dicimus
711 3486 824 3540 mores,
840 3463 920 3528 vitia
941 3462 1171 3548 distinguimus
1192 3475 1224 3526 et
1245 3462 1307 3525 vir·

348 3569 443 3623 tutes.
474 3560 571 3625 Unde
586 3575 726 3628 moratos
741 3586 760 3626 a
775 3563 870 3640 bono,
883 3563 950 3628 sive
966 3565 1154 3647 morigeros,
1166 3583 1304 3626 morosos

348 3680 425 3722 vero
439 3683 458 3723 a
474 3662 560 3728 vitiis
574 3666 786 3729 nominamus.
817 3664 912 3741 Quod
928 3676 960 3728 et
975 3668 1081 3750 ipsum
1097 3663 1307 3751 plenitudinis

348 3780 461 3824 nomen
475 3763 603 3829 videtur
617 3770 760 3846 innuere,
773 3788 874 3853 quum
891 3765 971 3831 nulli
986 3766 1018 3829 in
1034 3789 1129 3830 carne
1143 3765 1305 3851 contingat

348 3859 457 3941 adesse
472 3863 648 3930 satietatem
664 3890 806 3949 ⁸morum,
822 3880 854 3932 et
876 3869 985 3932 multis
1000 3867 1089 3932 adsit
1106 3866 1307 3954 superfluitas

348 3961 509 4028 vitiorum.
554 3968 665 4040 Quum
684 3968 793 4054 itaque
808 3992 828 4033 a
843 3971 985 4035 moribus
1001 3970 1074 4056 quis
1095 3968 1303 4035 reverentiam

347 4067 532 4132 contrahere
548 4066 677 4145 dicitur,
693 4069 721 4132 ei
742 4073 880 4136 virtutes
900 4071 1020 4158 quibus
1037 4071 1140 4135 honor
1154 4070 1306 4135 exbiben-

346 4168 409 4236 dus
423 4185 482 4248 est,
498 4172 596 4237 inesse
612 4171 819 4257 significatur.
851 4175 934 4250 Quis
945 4174 1029 4238 euim
1046 4196 1109 4238 non
1126 4185 1306 4250 venaretur,

345 4282 377 4335 et
399 4288 545 4340 vereatur
565 4274 666 4352 illum,
690 4298 786 4361 quem
809 4276 1013 4361 prudentem,
1034 4275 1163 4351 fortem,
1186 4288 1306 4360 tempe-
