3309 5309
357 688 428 734 cae.
444 672 522 751 xm]
737 688 995 736 sotrcaarrcos.
1256 675 1316 734 197

356 863 419 923 que
436 851 592 905 retractat.
639 838 702 904 Sed
720 841 856 904 veritatis
877 840 1034 905 sententia
1048 851 1157 903 manet
1172 841 1312 905 irretrac-

354 943 475 1006 tabilis.
522 943 607 1015 Quia
616 943 744 1027 justitia
759 942 828 1025 ejus
838 941 965 1025 justitia
979 943 1013 1004 in
1028 953 1195 1014 aetemum,
1212 954 1243 1005 et
1259 943 1312 1004 lex

355 1043 426 1126 ejus
441 1045 585 1126 aequitas.
630 1046 659 1106 E
684 1055 794 1107 contra
815 1044 848 1104 in
871 1043 1019 1126 praetorio
1043 1064 1129 1124 saepe
1153 1061 1312 1106 summum

350 1145 417 1228 juS,
433 1165 558 1208 summa
572 1145 685 1228 injuria
700 1156 757 1206 cst.
803 1143 960 1225 Quisquis
980 1164 1056 1222 ergo
1078 1143 1244 1226 promittit,
1259 1141 1314 1206 de-

357 1248 441 1309 bitor
467 1258 527 1320 cst,
551 1257 583 1309 et
612 1245 754 1331 veritatis
780 1256 912 1324 urgente
938 1245 1105 1320 sententia,
1130 1245 1313 1328 sponsionis

356 1345 455 1410 fidem
472 1348 672 1431 compellitur
687 1347 871 1428 adimplere.
916 1346 1013 1427 Porro
1036 1346 1123 1428 qnod
1139 1347 1313 1410 necessitas

353 1464 534 1534 extorquet,
546 1451 677 1531 gratiam
693 1449 816 1511 minuit.
849 1446 946 1510 Unde
960 1447 1040 1510 illud
1052 1449 1309 1531 philosophicum

352 1550 441 1632 quod
451 1551 605 1632 praemisi:
619 1549 805 1612 Promittere
816 1569 857 1609 ne
867 1547 1056 1624 festinaque
1068 1550 1310 1631 quumvolueris

353 1671 419 1712 non
436 1651 551 1732 possis,
567 1661 621 1713 aut
636 1650 721 1713 nolis
736 1670 777 1710 ex
795 1648 884 1731 justa
900 1668 995 1709 causa
1011 1669 1108 1731 quum
1124 1649 1238 1730 possis,
1255 1662 1310 1712 aut

352 1769 452 1829 quum
462 1748 606 1810 effeceris
617 1747 749 1828 gratiam
762 1743 889 1828 perdas,
902 1756 955 1806 aut
967 1744 1108 1820 minuas,
1124 1766 1162 1807 eo
1175 1745 1263 1828 quod
1277 1756 1309 1809 te

351 1858 425 1910 ante
441 1848 662 1931 illaqueaveris
678 1847 711 1908 iu
727 1848 823 1909 verbo
839 1846 902 1909 oris
919 1846 972 1907 tui.
1005 1846 1056 1908 Fit
1068 1856 1176 1909 tamen
1193 1858 1307 1909 utnon

353 1948 452 2011 modo
469 1950 590 2012 licitum
607 1950 649 2010 sit
669 1948 862 2031 promittere,
879 1946 985 2009 sedet
1006 1946 1218 2010 conducibile.
1263 1949 1309 2010 Et

351 2060 387 2112 ut
401 2051 535 2112 aliorum
551 2050 591 2112 ad
608 2070 747 2131 praesens
760 2058 925 2110 taceantur
940 2049 1099 2130 exempla,
1111 2050 1307 2130 paracletum

353 2150 499 2214 Christus
514 2150 583 2234 ipse
600 2150 764 2232 discipulis
779 2160 811 2211 et
825 2149 970 2231 promisit
986 2160 1017 2211 et
1033 2149 1127 2212 misit.
1159 2149 1307 2214 Eisdem-

353 2274 416 2335 que
431 2253 507 2334 quid
521 2251 661 2316 futurum
677 2263 760 2315 esset
774 2251 850 2328 illis,
858 2251 912 2334 qui
925 2251 1032 2313 omnia
1047 2272 1105 2334 pro
1117 2272 1154 2314 eo
1169 2253 1306 2334 relique·

349 2364 432 2425 rant,
448 2353 726 2434 interrogantibus,
743 2352 836 2415 sedes
851 2352 884 2412 in
899 2353 1134 2433 regeneratione
1149 2353 1305 2435 promisit,

353 2462 387 2515 et
396 2452 607 2535 judiciariam,
620 2475 716 2535 quam
726 2476 799 2517 cum
812 2451 999 2515 cohabitari
1012 2465 1095 2529 sunt,
1105 2463 1307 2536 potestatem.

350 2555 407 2615 Ex
425 2555 542 2636 quibus
564 2565 700 2631 constat,
716 2554 803 2638 quod
824 2574 923 2617 causa
940 2554 1148 2634 propositum,
1163 2574 1307 2634 opusque

353 2656 569 2735 commendat,
584 2668 620 2719 ut
640 2657 760 2740 liqueat
775 2677 814 2717 ex
838 2655 901 2731 his,
916 2654 993 2737 quia
1014 2673 1077 2714 nou
1093 2673 1226 2715 necesse
1249 2663 1307 2732 est,

352 2756 536 2840 philosophi
552 2759 692 2838 regulam
710 2755 821 2819 vitiari.

351 2943 435 3025 Cap.
455 2948 504 3008 la.
534 2945 586 3006 De
611 2944 825 3006 rationalibus
851 2950 881 3005 et
906 2943 1086 3005 secretariis
1110 2941 1256 3018 divitum,
1278 2948 1309 3003 et

392 3043 478 3126 quod
491 3047 636 3107 amicitia
657 3065 722 3106 noa
743 3047 808 3106 nisi
830 3046 866 3104 iri
887 3045 977 3105 bortis
997 3050 1053 3116 est,
1075 3051 1105 3102 et
1123 3042 1209 3122 quod
1223 3041 1309 3103 diaes

380 3146 588 3226 familiarem
601 3148 712 3226 potius
732 3149 893 3226 caprimat
907 3165 1004 3225 quam
1021 3146 1172 3218 amicum,
1189 3149 1220 3205 et
1234 3143 1308 3205 licet

378 3248 600 3329 familiaritas
609 3249 745 3312 divitum
760 3249 854 3310 utilis
865 3250 1022 3324 videatur,
1033 3269 1115 3328 sape
1126 3245 1307 3327 periculosa

390 3356 449 3425 est,
465 3356 496 3412 et
511 3351 596 3430 quod
609 3355 796 3414 innocenter
809 3351 982 3413 circadam
999 3356 1052 3412 est.

391 3484 502 3546 Sensi
525 3505 589 3547 non
608 3484 703 3547 modo
725 3484 945 3568 promissores,
960 3483 1016 3546 sed
1039 3486 1304 3565 munuscularios,

346 3585 381 3646 in
409 3585 509 3665 gratia
534 3586 621 3650 illius
647 3608 742 3669 quem
770 3596 892 3668 captas,
916 3585 1102 3648 antecedere
1129 3587 1246 3669 pergis,
1271 3600 1302 3650 te

347 3681 524 3748 ratiociniis
539 3687 606 3770 ejus
620 3688 812 3763 immisceas,
826 3709 941 3770 parcas
957 3688 1147 3771 sumptibus,
1164 3710 1202 3750 eo
1217 3690 1305 3772 quod

350 3797 544 3852 secretorum
557 3790 717 3866 conscius,
729 3790 785 3872 qui
800 3789 915 3852 loculis
927 3791 1040 3871 parcit,
1054 3787 1197 3872 diligenti
1208 3793 1305 3874 patri-

349 3888 486 3952 familias
503 3889 669 3972 displicere
685 3912 748 3952 non
765 3902 880 3974 potest.
926 3893 1026 3955 Grata
1041 3903 1115 3956 sunt
1132 3892 1208 3954 vitia
1223 3894 1303 3976 ejus,

351 3990 405 4071 qui
429 3990 660 4054 deformitatem
684 4013 818 4068 mamm,
835 4004 1018 4075 sumptuum
1041 3995 1195 4078 parcitate
1218 4016 1304 4055 corn·

335 4107 475 4173 pensat.
522 4094 699 4175 Optimum,
721 4105 755 4156 ut
776 4094 821 4157 ait
844 4096 970 4173 Cicero,
989 4096 1016 4157 si
1039 4097 1154 4170 nescis,
1170 4095 1305 4172 vectigal

352 4192 546 4274 parsimonia
571 4204 628 4255 est.
673 4194 795 4256 Tenuis
825 4217 940 4275 parcus
969 4196 1119 4278 impletur
1144 4192 1247 4264 facile,
1274 4205 1306 4256 ct

350 4291 502 4354 facillime
519 4293 699 4356 exinanitur
715 4292 868 4376 prodigus
885 4295 983 4355 disca.
1023 4296 1105 4355 Arca
1121 4312 1196 4353 sane
1212 4312 1307 4374 capa·
