3309 5309
356 667 425 713 ose.
442 651 513 731 xu]
732 667 986 714 Porrcmrrcns.
1246 659 1309 718 828

355 820 549 902 qualitatem.
594 819 687 885 Licet
712 821 796 884 enim
823 822 1033 904 patrocinium
1054 823 1177 905 justum
1202 828 1305 908 possit

354 919 493 982 rendere
507 920 690 1000 advocatus,
706 930 740 984 et
760 921 881 1004 peritus
896 921 980 1004 juris
997 942 1108 984 sanum
1124 924 1304 1007 consilium,

349 1018 506 1105 judicium
523 1021 660 1086 vendere
677 1023 808 1085 omnino
819 1042 887 1085 non
902 1023 985 1084 licet.
1024 1022 1140 1086 Cicero
1156 1045 1255 1107 quum
1270 1026 1304 1088 in

354 1121 481 1186 Palatio
496 1121 626 1185 domum
642 1123 741 1184 vellet
755 1143 871 1195 emere,
883 1132 915 1185 et
929 1123 1099 1204 pecuniam
1114 1122 1149 1185 in
1164 1144 1304 1206 praesens

353 1243 420 1287 non
438 1224 580 1300 haberet,
601 1244 621 1287 a
640 1223 729 1307 Sylla
749 1224 805 1306 qui
822 1233 900 1286 tunc
920 1244 994 1286 reus
1015 1235 1092 1297 erat,
1108 1234 1219 1288 mutuo
1238 1247 1304 1289 ses·

352 1322 480 1387 tertium
496 1324 593 1387 vicies
604 1325 702 1388 tacite
716 1325 850 1406 accepit
887 1325 939 1387 Ea
953 1346 1003 1387 res
1017 1325 1205 1410 priusquam
1219 1349 1304 1390 eme·

351 1435 449 1502 retur,
470 1425 598 1509 prodita
617 1434 676 1498 est,
697 1434 730 1488 et
753 1424 787 1486 in
809 1425 924 1505 vulgus
944 1424 1056 1503 exivit,
1077 1426 1305 1510 objectumque

353 1536 402 1590 est
424 1528 465 1603 ei,
489 1526 577 1610 quod
600 1526 769 1608 pecuniam
790 1524 905 1588 domus
925 1525 1069 1589 emendae
1091 1548 1188 1590 causa
1210 1550 1230 1591 a
1250 1551 1304 1593 reo

351 1628 542 1710 accepisset.
598 1628 693 1690 Tunc
725 1626 840 1690 Cicero
866 1627 1034 1710 inopinata
1060 1630 1304 1710 exprobratione

350 1740 524 1812 permotus,
537 1729 701 1812 accepisse
716 1749 750 1791 se
766 1728 905 1811 negavit,
915 1727 1027 1791 dicens
1043 1750 1077 1792 se
1092 1728 1222 1794 domum
1237 1753 1304 1796 non

352 1850 422 1893 esse
446 1841 635 1914 empturum.
681 1831 787 1912 Atque
814 1829 894 1893 adeo
917 1829 1034 1893 falsum
1059 1843 1107 1895 est
1133 1831 1229 1914 quod,
1253 1833 1303 1895 in-

353 1931 432 2016 quit,
450 1931 602 2017 objicitis,
615 1940 652 1994 ut
671 1951 780 1993 verum
801 1931 843 1994 sit
864 1952 915 1994 mc
938 1931 1107 2013 pecuniam
1127 1933 1301 2016 accepisse,

351 2034 379 2096 si
400 2034 531 2097 domum
552 2053 668 2095 emero.
716 2031 781 2095 Sed
797 2052 896 2114 quum
911 2040 1026 2115 postea
1040 2033 1178 2109 emisset,
1193 2044 1225 2097 et
1239 2034 1302 2097 hoc

351 2135 557 2199 mendacium
571 2135 605 2196 in
621 2133 742 2198 Senatu
756 2134 787 2196 ei
802 2136 843 2197 ab
863 2133 1003 2196 inimicis
1018 2133 1220 2217 objiceretur,
1233 2135 1303 2198 risit

351 2235 441 2313 satis,
471 2245 566 2319 atque
595 2232 679 2297 inter
712 2233 894 2308 ridendum,
925 2231 1160 2316 Imprudentes,
1188 2234 1304 2317 inquit,

351 2336 498 2400 homines
519 2337 604 2410 estis,
621 2357 721 2419 quum
735 2335 889 2417 ignoratis
902 2335 1069 2419 prudentis
1082 2346 1115 2399 et
1137 2338 1223 2401 cauti
1244 2359 1301 2420 pa·

350 2437 544 2503 trissamilins
556 2459 639 2516 esse,
654 2437 742 2520 quod
764 2458 867 2501 emere
887 2437 975 2514 velit,
991 2459 1024 2500 se
1040 2450 1219 2521 empturum
1234 2461 1304 2503 esse

349 2559 477 2620 negare,
495 2512 625 2622 plopter
644 2539 868 2621 competitores
883 2538 1063 2621 emptionis.
1108 2539 1163 2601 Sic
1182 2540 1302 2621 itaque,

351 2640 438 2723 quod
460 2639 594 2704 inficiari
617 2661 682 2704 non
706 2649 841 2723 poterat,
862 2640 985 2701 urbano
1012 2638 1181 2722 facetoque
1207 2639 1301 2703 diluit

350 2740 448 2815 dicto,
464 2762 530 2804 rem
545 2741 648 2822 magis
662 2739 793 2822 dignam
808 2739 929 2803 faciens
949 2738 1025 2817 risu,
1035 2722 1138 2823 'quam
1159 2740 1298 2804 crimine.

350 2840 519 2905 Familiare
545 2839 703 2924 siquidem
730 2840 881 2916 habebat,
903 2850 939 2901 ut
962 2838 1112 2921 quotiens
1137 2839 1301 2923 objectum

350 2950 443 3024 turpe
458 2942 616 3022 abnegare
631 2961 695 3003 non
712 2951 833 3024 posset,
847 2941 1055 3023 responsione
1064 2939 1201 3023 joculari
1220 2941 1300 3003 illud

349 3041 503 3107 eluderet.
539 3042 782 3125 Amplectenda
798 3041 970 3119 memoriae,
984 3050 1016 3103 et
1030 3040 1193 3103 imitandae
1208 3062 1300 3104 senc-

348 3143 449 3207 titatis
463 3163 604 3205 summus
619 3143 771 3206 Pontifex
787 3143 965 3223 Eugenius,
982 3163 1078 3225 quem
1090 3142 1210 3220 vidisti,
1228 3145 1299 3207 nul-

347 3247 415 3309 lum
430 3243 560 3307 omnino
575 3266 691 3308 munus
712 3245 851 3307 hominis
870 3243 1025 3325 litigantis
1045 3243 1231 3327 recipiebat,
1246 3257 1301 3308 aut

348 3347 401 3410 cui
415 3346 507 3409 litem
521 3344 663 3409 crederet
676 3345 851 3408 imminere.
889 3344 986 3408 Unde
1002 3366 1101 3428 quum
1115 3344 1150 3407 in
1161 3346 1301 3409 adventu

350 3468 408 3510 suo
432 3444 526 3508 Prior
550 3445 680 3528 quidam
707 3445 843 3509 modicae
865 3445 1036 3522 facultatis,
1057 3446 1149 3529 cujus
1170 3467 1300 3509 causam

348 3547 495 3612 nondum
520 3547 673 3622 audierat,
696 3547 726 3610 ei
750 3569 888 3611 marcam
914 3547 980 3610 auri
1007 3545 1176 3610 devotione
1201 3549 1302 3610 multa

346 3651 503 3714 instanter
522 3650 658 3726 offerret,
675 3648 840 3726 Nondum,
854 3647 970 3730 inquit,
984 3646 1116 3709 domum
1138 3649 1300 3728 ingressus

347 3773 393 3830 es,
407 3760 440 3814 et
453 3749 522 3833 jam
538 3749 586 3812 ris
607 3769 806 3830 corrumpere
826 3745 1012 3811 dominum?
1052 3746 1298 3829 Corruptionem

345 3872 485 3935 namque
516 3851 563 3912 vir
591 3863 720 3913 sanctus
749 3849 895 3925 credidit,
922 3848 1080 3930 quicquid
1110 3850 1300 3913 offerebatur

342 3953 448 4038 judici
467 3952 523 4015 lite
543 3950 716 4035 pendente.
762 3950 945 4014 Bernardus
968 3950 1212 4014 clarevallensis
1231 3972 1298 4012 mo·

347 4054 484 4131 nachus,
505 4060 538 4115 et
559 4061 738 4115 sanctorum
762 4051 890 4116 Cosmae
916 4061 949 4114 et
972 4050 1120 4113 Damiani
1142 4048 1299 4113 diaconus

346 4153 532 4231 cardinalis,
561 4154 674 4216 Romae
704 4153 824 4234 degens
854 4152 887 4213 in
923 4152 1061 4215 excelsis
1096 4149 1298 4226 singulariter

347 4255 516 4333 habitavit,
532 4256 700 4318 excutiens
719 4274 832 4316 manus
855 4273 929 4315 suas
944 4254 985 4315 ab
1001 4250 1087 4313 omni
1108 4270 1250 4329 munere,
1265 4262 1300 4314 ut

789 4372 808 4414 r
834 4359 854 4414 2
