3309 5309
345 645 409 703 316
606 660 744 705 tornius
761 660 1041 707 sannsaumnusts
1170 647 1251 726 [tm.
1270 665 1299 708 v.

346 812 519 894 propitium
546 813 730 874 sustinuerit
755 813 890 875 hostem.
936 816 977 876 At
1002 815 1034 876 iu
1062 815 1212 897 litigiosis
1238 815 1302 879 dis·

346 912 565 994 putationibus
598 924 629 974 et
665 913 954 978 declamationibus
988 917 1201 994 scholasticis,
1232 918 1301 979 sine

346 1013 489 1097 periculo
504 1013 565 1075 isto
588 1014 650 1076 ista
670 1026 843 1077 versantur.
891 1017 957 1080 Sed
980 1018 1034 1079 ubi
1050 1017 1091 1080 ad
1107 1018 1210 1081 forum
1226 1039 1301 1080 ven·

347 1124 487 1188 tumeat,
503 1116 535 1177 in
551 1137 615 1199 quo
635 1116 738 1177 inanis
758 1117 931 1180 ostentatio
951 1119 1071 1200 ingenii
1088 1119 1301 1203 conquiescit,

346 1228 378 1278 et
393 1217 475 1280 seria
491 1216 649 1281 duntaxat
669 1219 837 1300 agitantur,
853 1220 920 1282 sine
937 1222 1080 1303 periculo
1094 1221 1302 1302 litigatorum,

347 1331 401 1380 aut
407 1318 539 1402 judicis,
549 1320 582 1382 in
595 1321 763 1383 sententiae
776 1322 902 1384 calculo
914 1344 978 1384 non
992 1338 1119 1386 erratur.
1158 1323 1190 1384 N
1193 1344 1230 1385 ec
1244 1334 1303 1399 est,

347 1433 383 1484 ut
398 1421 521 1504 opinor,
537 1422 710 1504 quicquam
732 1419 851 1496 utilius,
868 1444 960 1506 quam
979 1422 1157 1506 periculum
1173 1422 1305 1500 differri,

348 1522 375 1584 si
402 1524 532 1585 omniuo
556 1524 646 1586 vitari
668 1546 733 1586 non
761 1535 877 1606 potest.
923 1524 1166 1607 Iniquissimum
1193 1534 1300 1586 tamen

348 1636 406 1697 est,
417 1624 525 1707 jurgia
545 1626 705 1707 protelari,
726 1646 822 1709 quum
840 1625 1019 1688 alterutrius
1032 1625 1224 1706 litigantium
1246 1647 1302 1709 pe-

347 1725 502 1789 riclitatur
526 1726 655 1799 utilitas,
679 1738 711 1788 et
735 1726 779 1787 rei
801 1725 974 1787 difficultas
997 1746 1116 1787 moram
1137 1746 1202 1787 non
1226 1747 1303 1788 con·

348 1828 451 1891 trahit.
490 1826 653 1911 Quicquid
665 1827 762 1907 igitur
773 1826 920 1909 expediri
932 1838 1046 1909 potest,
1058 1828 1303 1890 accelerandum

350 1935 399 1989 est
408 1949 417 2002 3
441 1925 527 2009 quod
542 1926 735 1989 consultiore
751 1935 888 1990 tractatu
902 1925 1037 2008 indiget,
1052 1925 1273 1989 differendum.

350 2137 430 2222 Cap.
450 2144 497 2202 13.
529 2140 688 2213 Quomodo
706 2139 876 2223 judicium
899 2138 1008 2202 debeat
1029 2127 1192 2218 ordinari,
1213 2145 1245 2201 et
1267 2139 1305 2202 de

391 2241 592 2319 conceptione
612 2243 807 2303 sacramenti
829 2242 1013 2316 calumniae,
1029 2239 1115 2321 quod
1136 2261 1176 2303 ea
1197 2260 1304 2302 neces·

390 2343 487 2405 ritate
510 2350 669 2424 praetant
694 2351 782 2406 actor
807 2354 839 2408 et
864 2366 949 2424 reuS,
975 2353 1007 2409 et
1031 2344 1111 2426 quid
1134 2343 1305 2406 immineat

391 2440 449 2514 illi,
467 2445 525 2526 qui
536 2444 764 2522 juramentum
782 2445 890 2508 subire
912 2446 1076 2521 detrectat,
1092 2450 1123 2507 et
1143 2444 1182 2507 de
1195 2464 1304 2506 sacra·

391 2553 497 2609 mento
518 2548 755 2626 aduocatorum,
771 2555 802 2611 et
819 2568 916 2630 poena
936 2550 1218 2624 calumniatorum,
1238 2550 1305 2609 eive

389 2650 690 2730 praevaricantium,
706 2659 767 2713 out
785 2652 1079 2733 terpiversantium.

394 2778 449 2840 Ut
469 2799 545 2840 vero
564 2798 668 2841 rerum
689 2777 803 2840 veritas
818 2778 914 2840 eitius
933 2778 1111 2855 illucescat,
1129 2776 1305 2857 litigatores

350 2879 448 2961 ipsos,
472 2899 625 2962 personas
655 2878 804 2943 videlicet
834 2880 1040 2963 principales,
1066 2900 1132 2940 non
1159 2889 1233 2940 ante
1263 2875 1304 2939 ad

350 2980 438 3045 litem
456 2980 562 3065 judex
585 2979 740 3059 admittet,
765 3002 859 3065 quam
884 2982 914 3044 ei
936 2982 1079 3064 praestito
1106 2992 1305 3044 sacramento

351 3082 469 3146 saciant
478 3082 586 3157 fidem,
595 3081 680 3165 quod
686 3081 819 3165 justitiae
827 3104 893 3145 suae
903 3082 1100 3158 insistent,et
1110 3079 1305 3143 calumniam

352 3204 477 3247 omnem
508 3185 619 3266 procul
649 3184 776 3248 facient.
828 3187 928 3247 Actor
958 3182 1090 3266 quidem
1115 3182 1213 3266 juret,
1239 3202 1305 3244 non

352 3284 566 3349 calumniandi
593 3287 699 3349 animo
724 3286 812 3348 litem
839 3286 986 3363 movisse,
1010 3284 1067 3347 sed
1089 3282 1305 3346 existimando

350 3387 469 3448 bonam
495 3387 613 3450 habere
643 3408 783 3463 causam,
808 3397 841 3450 et
871 3385 957 3468 quod
983 3385 1067 3448 nihil
1092 3385 1126 3447 in
1152 3396 1220 3447 tota
1249 3384 1304 3446 lite

351 3488 447 3551 faciet
468 3489 675 3562 calumniose,
696 3500 731 3551 ut
752 3509 814 3551 nec
837 3487 994 3571 probatio,
1014 3508 1074 3550 nec
1096 3485 1206 3549 dilatio
1225 3485 1305 3547 frus·

351 3591 481 3654 aratoria
500 3590 657 3673 exigatur,
677 3589 732 3653 sed
755 3588 788 3651 id
811 3591 915 3652 solum
938 3587 1025 3672 quod
1041 3588 1168 3671 justitia
1183 3586 1305 3649 videtur

352 3692 491 3772 exigere.
536 3693 625 3755 Reus
644 3703 750 3755 autem
765 3690 900 3774 jurabit,
919 3689 1008 3773 quod
1029 3699 1145 3773 putans
1167 3709 1199 3750 se
1220 3688 1307 3749 bona

352 3792 504 3854 instantia
513 3792 569 3868 uti,
579 3793 724 3873 pervenit
733 3792 773 3855 ad
783 3790 1017 3867 reluctandum,
1029 3802 1061 3853 et
1074 3788 1161 3874 quod
1172 3789 1206 3851 in
1216 3789 1306 3850 nullo

353 3892 452 3957 totius
467 3892 532 3954 litis
547 3893 681 3955 articulo
697 3894 894 3956 calumniose
915 3893 1102 3966 versabitur,
1118 3891 1151 3954 id
1168 3891 1270 3953 solam
1286 3909 1306 3951 a

346 3994 471 4079 judice,
485 3994 534 4055 vel
550 3992 727 4056 adversario
741 3994 887 4074 exigens.
901 3994 986 4078 quod
1000 4015 1057 4077 pro
1073 3992 1203 4056 veritate
1215 3999 1307 4072 putat

353 4118 395 4159 ex
417 4094 607 4160 necessitate
630 4093 763 4176 justitiae
787 4093 1015 4156 exhibendum.
1063 4096 1208 4177 Uterque
1231 4111 1304 4154 vero
1357 4105 1360 4112 ’

347 4199 520 4281 juramenti
535 4198 585 4262 sui
601 4208 744 4260 extrema
766 4196 912 4259 clausula
927 4196 990 4259 hoc
1014 4196 1256 4279 complectetur,
1273 4206 1309 4255 ut

347 4300 456 4383 jurent
479 4322 513 4364 se
535 4301 615 4364 nihil
639 4298 778 4378 dedisse,
800 4307 855 4362 aut
877 4298 1074 4381 promisisse,
1097 4306 1152 4360 aut
1175 4294 1307 4358 daturos
