3309 5309
349 691 420 738 car.
435 676 511 755 vm]
688 692 943 739 rotronarrcos.
1239 680 1302 738 289

348 844 510 929 ingressus
531 852 589 919 est,
605 856 636 906 et
651 843 831 928 appellatus
854 844 1011 909 secundus
1028 843 1194 917 Romulus,
1211 843 1300 927 quasi

348 945 428 1011 alter
443 944 560 1030 patrioe
574 944 729 1010 conditor.
773 945 881 1011 Julius
897 947 1051 1032 Hyginus
1066 947 1098 1010 in
1115 945 1196 1008 libro
1211 957 1302 1008 sexto

348 1046 467 1111 devita
483 1045 642 1132 rebusque
655 1047 794 1111 rirorum
805 1046 990 1127 illustrium,
1000 1047 1088 1134 quod
1104 1045 1144 1109 de
1154 1043 1303 1110 Fabricio

346 1147 503 1233 sequitur,
519 1147 627 1211 refert.
676 1149 775 1227 (Nam
794 1146 1010 1233 praecedentia
1026 1146 1192 1212 Plutarchi
1207 1145 1238 1209 in
1254 1146 1301 1209 in-

346 1249 513 1314 stitutione
529 1248 674 1335 Trajani,
690 1263 723 1314 et
739 1251 761 1312 J
766 1250 821 1313 ulii
838 1250 985 1315 Frontini
1005 1254 1039 1316 in
1052 1251 1135 1315 libro
1149 1261 1301 1335 stratege-

349 1362 469 1414 matum
486 1355 583 1431 suut.)
628 1354 792 1415 Venerunt
812 1374 890 1436 ergo
907 1351 1045 1415 meando
1067 1351 1160 1436 legati
1181 1351 1303 1414 Samni-

348 1464 417 1517 tum
440 1451 481 1515 ad
500 1451 537 1516 O.
554 1451 751 1529 Fabricium,
775 1451 894 1516 multas
908 1466 941 1516 et
963 1475 1093 1538 magnas
1115 1477 1165 1518 res
1186 1476 1302 1517 memo-

349 1567 465 1632 rantes,
487 1578 562 1641 quoe
584 1554 664 1617 bene
686 1576 722 1617 ac
745 1554 890 1618 benivole
915 1568 988 1641 post
1010 1555 1167 1620 redditam
1192 1577 1301 1641 pacem

349 1654 547 1720 Samnitibus
556 1655 684 1735 fecerat,
694 1655 862 1720 offerentes
871 1657 955 1721 dono
963 1656 1114 1740 grandem
1124 1658 1303 1742 pecuniam,

348 1771 380 1822 et
395 1772 522 1822 orantes
537 1772 573 1822 ut
589 1779 657 1820 eam
673 1758 829 1842 acciperet
845 1769 877 1821 et
889 1771 1044 1834 uteretur,
1054 1781 1091 1821 eo
1104 1756 1190 1843 quod
1202 1756 1304 1821 multa

350 1859 391 1924 ad
415 1859 631 1924 necessitatem
656 1859 771 1936 victus,
798 1870 831 1923 et
856 1858 1052 1945 splendorem
1077 1858 1190 1922 domus
1215 1871 1305 1921 tanto

353 1961 422 2024 viro
432 1959 540 2024 deesse
549 1974 716 2025 constaret.
751 1959 840 2024 Nihil
850 1960 933 2023 enim
943 1962 1080 2040 lautum,
1092 1973 1304 2046 paratumque

352 2073 420 2125 erat
441 2083 501 2146 pro
522 2059 735 2147 amplitudine
759 2059 907 2138 hominis,
929 2071 962 2124 et
984 2059 1141 2145 dignitate
1165 2059 1304 2123 virtutis.

354 2163 519 2228 Fabricius
534 2186 609 2227 vero
624 2162 734 2249 planas
749 2185 861 2228 manus
875 2164 917 2227 ab
935 2164 1067 2226 auribus
1082 2180 1113 2227 et
1129 2161 1169 2225 ad
1185 2161 1304 2236 oculos,

351 2279 382 2332 et
398 2267 493 2344 infra,
509 2279 540 2332 et
560 2267 708 2352 deinceps
726 2267 766 2331 ad
786 2289 889 2344 nares,
905 2279 937 2331 et
952 2266 991 2331 ad
1013 2290 1058 2342 os,
1075 2280 1106 2331 et
1128 2265 1168 2329 ad
1183 2267 1306 2352 gulam,

351 2380 383 2432 et
406 2367 520 2431 deinde
543 2367 584 2431 ad
607 2381 748 2432 ventrem
771 2369 900 2446 etima,
923 2367 1070 2443 deduxit,
1086 2380 1118 2432 et
1140 2367 1253 2451 legatis
1271 2369 1305 2431 in

352 2469 421 2534 haec
447 2469 544 2533 verba
568 2469 749 2556 respondit:
785 2473 874 2534 Dum
899 2469 1045 2533 omuibus
1069 2469 1120 2532 his
1144 2471 1305 2547 membris,

354 2591 428 2654 quae
445 2568 549 2651 attigi,
562 2570 705 2636 resistere
720 2582 816 2653 atque
828 2569 984 2652 imperare
999 2581 1121 2652 potero,
1134 2568 1212 2630 mihi
1226 2569 1306 2632 nihil

353 2669 480 2734 omnino
490 2671 602 2750 deerit,
610 2671 748 2755 ideoque
760 2670 850 2732 vobis
859 2678 1014 2731 reservate
1025 2668 1190 2752 pecuniam
1201 2691 1307 2732 neces·

353 2772 466 2835 sariam
484 2773 594 2837 usibus
615 2769 738 2849 vestris,
753 2792 810 2832 nec
830 2791 898 2832 eam
915 2769 1034 2855 quibus
1054 2769 1236 2848 necessaria,
1250 2783 1306 2834 aut

353 2887 444 2956 grata
480 2895 542 2937 non
578 2885 637 2950 est,
673 2871 834 2956 ingeratis.
879 2872 1015 2936 Romani
1050 2870 1207 2958 siquidem
1243 2893 1305 2934 uon

351 2985 467 3037 curant
477 2971 596 3035 habere
611 2993 735 3048 aurum,
748 2970 804 3035 sed
819 2971 977 3056 imperare
989 2973 1100 3036 volunt
1114 2971 1307 3036 habentibus

350 3096 478 3140 aurum.
519 3075 592 3137 Hoc
607 3072 712 3138 Julius
729 3073 886 3160 Hyginus.
923 3075 1095 3139 Frontinus
1110 3095 1185 3138 vero
1199 3075 1307 3149 refert,

351 3175 439 3264 quod
451 3174 492 3239 ad
506 3174 688 3240 Fabricium
700 3176 815 3240 ducem
828 3176 1058 3252 Romanorum,
1072 3176 1214 3240 medicus
1229 3175 1307 3261 Pyr-

353 3280 403 3345 rhi
420 3279 623 3364 Epirotamin
645 3280 728 3364 regis
747 3278 902 3366 pervenit,
918 3279 1077 3366 pollicitus
1097 3302 1130 3343 se
1147 3301 1304 3342 venenum

353 3383 503 3464 daturum
521 3382 653 3468 Pyrrho,
668 3383 745 3446 dum
761 3404 884 3447 merces
898 3382 958 3446 sibi
979 3382 1013 3445 in
1029 3404 1092 3468 qua
1114 3405 1220 3467 operae
1235 3405 1307 3468 pre-

353 3485 435 3549 tium
461 3485 551 3562 foret,
578 3485 833 3550 constitueretur.
877 3485 951 3560 Quo
975 3485 1114 3549 lacinore
1143 3485 1306 3549 Fabricius

354 3610 449 3672 egere
470 3587 632 3653 victoriam
654 3611 744 3653 suam
764 3610 827 3652 1101]
852 3588 1031 3664 arbitratus,
1054 3587 1122 3670 regi
1143 3588 1304 3651 medicum

354 3687 484 3752 detexit.
531 3689 640 3774 Atque
655 3710 693 3751 ea
708 3688 771 3752 fide
792 3689 919 3767 meruit,
936 3702 972 3753 ut
992 3689 1033 3754 ad
1049 3688 1222 3753 amicitiam
1243 3691 1307 3754 Ro-

355 3812 521 3854 manomm
543 3792 767 3877 appetendam,
788 3793 995 3880 compelleret
1017 3793 1184 3880 Pyrrhum.
1222 3799 1305 3860 Pace

356 3914 429 3955 mea
459 3891 624 3957 decertent
652 3893 683 3957 in
712 3916 786 3958 casu
811 3894 872 3958 isto
899 3894 1046 3959 Valerius
1073 3895 1246 3972 Maximus
1274 3912 1307 3961 et

358 3992 511 4058 Claudius
534 3994 774 4081 Quadrigarius,
798 3999 1029 4065 contendentes
1051 3999 1091 4063 de
1118 4000 1246 4063 nomine
1273 4016 1306 4063 et

355 4094 456 4159 officio
471 4097 647 4181 proditoris.
694 4101 747 4163 An
765 4101 973 4167 Timochares
988 4102 1083 4166 fuerit
1100 4103 1193 4185 juxta
1210 4101 1306 4163 Vale-

356 4196 438 4260 rium
455 4210 545 4282 pater
566 4200 661 4276 illius,
678 4202 732 4286 qui
749 4202 781 4265 in
805 4204 887 4287 regis
904 4204 1046 4267 convivio
1069 4202 1181 4286 pocula
1197 4201 1305 4265 minis-

354 4298 469 4376 trabat,
486 4323 525 4364 an
549 4303 724 4379 secundum
749 4304 997 4387 Quadrigarium
1022 4304 1130 4367 Nicias
1153 4305 1305 4385 medicus,

397 4423 467 4467 vot.
484 4425 535 4470 111.
833 4428 853 4470 u
