3309 5309
351 637 422 682 car.
440 618 500 700 1v.]
724 630 977 681 ronucuamcos.
1259 620 1300 676 61

345 802 475 875 repente
490 789 625 853 clamare
644 787 761 874 coepit:
787 783 858 851 Vox
873 787 914 851 ab
934 786 1068 862 oriente,
1085 801 1146 848 vox
1162 784 1203 849 ab
1217 783 1298 847 occi-

346 890 451 967 dente,
464 914 525 956 vox
538 915 557 956 a
569 903 710 977 quatuor
726 894 840 966 ventis,
850 909 912 954 vox
928 912 1024 976 super
1040 886 1297 972 Hierosolymam

344 1006 377 1059 et
392 994 560 1080 templum,
576 1016 639 1057 vox
655 1014 751 1078 super
773 1013 904 1077 sponsos
919 1001 951 1053 et
967 1011 1062 1075 super
1077 1010 1217 1074 sponsas,
1234 1009 1296 1050 vox

345 1117 440 1182 super
463 1095 629 1182 populum.
675 1095 721 1158 Et
747 1093 961 1157 indesinenter
980 1090 1033 1157 die
1055 1102 1218 1176 noctuque
1239 1110 1297 1175 per
1411 1085 1422 1097 “

305 1228 307 1231 ·
345 1220 453 1261 omnes
473 1198 594 1283 plateas
614 1196 802 1260 circumiens
824 1195 894 1259 haec
914 1193 1088 1258 clamabat:
1112 1213 1298 1280 usquequo

345 1299 478 1384 quidam
501 1299 656 1383 primores
678 1319 716 1360 ex
742 1295 863 1382 populo
879 1295 951 1370 viri,
966 1294 1054 1360 velut
1069 1293 1202 1358 infausti
1216 1316 1298 1379 prae-

346 1398 427 1478 sagii
463 1396 683 1481 indignatione
719 1396 882 1472 commoti,
919 1408 1101 1481 correptum
1138 1394 1296 1458 hominem

345 1498 458 1564 multis
474 1499 661 1564 verberibus
682 1497 835 1563 afficiunt.
879 1499 927 1561 At
949 1497 1001 1560 ille
1021 1519 1223 1583 nequaquam
1239 1519 1299 1583 pro

346 1623 380 1664 se
395 1600 518 1685 aliquid
542 1599 688 1686 loquens,
705 1600 758 1664 sed
783 1622 842 1663 nec
855 1622 909 1662 eos
928 1598 1073 1684 quidem,
1088 1599 1145 1685 qui
1166 1598 1300 1662 circum·

347 1713 502 1765 steterant
525 1699 710 1785 deprecans,
734 1699 860 1763 easdem
878 1721 969 1763 voces
991 1697 1061 1786 pari
1085 1698 1301 1764 obstinatione

345 1815 379 1867 et
400 1801 536 1866 clamore
556 1796 732 1887 repetebat.
781 1802 876 1865 'l'unc
900 1798 1058 1888 principes
1080 1799 1303 1885 intelligentes,

346 1916 384 1967 ut
406 1926 457 1966 res
479 1916 559 1982 erat,
579 1903 720 1967 numinis
742 1925 811 1967 esse
833 1903 866 1967 in
890 1904 959 1967 viro
981 1915 1099 1984 motus,
1120 1902 1302 1988 perducunt

346 2028 420 2070 eum
435 2005 476 2070 ad
495 2005 639 2092 judicem
660 2007 892 2084 Romanorum,
907 2006 995 2093 apud
1018 2029 1115 2093 quem
1135 2005 1244 2091 flagris
1259 2004 1301 2069 ad

347 2130 541 2194 ossausque
563 2108 713 2186 laniatus,
737 2131 842 2194 neque
867 2131 976 2194 preces
997 2130 1100 2195 neque
1124 2108 1302 2194 lachrymas

347 2208 454 2283 ludit3
479 2193 534 2274 sed
555 2209 685 2273 eandem
701 2232 811 2274 vocem
832 2208 1066 2286 miserabiliter,
1081 2222 1114 2275 et
1133 2232 1206 2275 cum
1222 2231 1302 2295 quo-

346 2309 420 2374 dam
434 2310 557 2396 ejulatu
578 2312 739 2389 emittens,
753 2332 811 2397 per
827 2312 952 2397 singula
974 2332 1065 2398 paene
1082 2312 1212 2377 verbera
1226 2333 1301 2397 pro·

346 2411 481 2488 ferebat,
511 2412 632 2477 addens
661 2412 758 2477 etiam
786 2412 859 2494 hoc,
887 2437 948 2493 vae,
978 2435 1027 2478 vae
1057 2412 1299 2499 Hierosolymis.

349 2517 559 2601 Prosequitur
582 2526 615 2579 ct
644 2514 733 2578 aliud
758 2513 844 2578 idem
872 2513 1159 2600 historiographus,
1183 2515 1302 2601 majore

348 2631 474 2701 gestum
490 2616 654 2698 miraculo,
669 2617 777 2682 dicens
797 2617 960 2681 oraculum
982 2616 1143 2702 quoddam
1159 2617 1192 2680 in
1208 2615 1303 2679 sacris

349 2719 448 2785 literis
463 2733 637 2806 repertum,
651 2718 739 2806 quod
754 2740 813 2804 per
832 2718 917 2782 idem
938 2731 1065 2804 tempus
1080 2718 1184 2783 virum
1201 2717 1303 2801 desig·

348 2834 439 2887 naret
449 2845 494 2885 :ex
510 2844 620 2885 eorum
636 2821 766 2907 regione
786 2843 1016 2906 processurum,
1033 2820 1088 2909 qui
1104 2820 1203 2886 totius
1217 2820 1303 2885 orbis

349 2923 510 3008 potiretur
531 2921 678 3007 imperio.
724 2922 828 3007 Cujus
848 2921 969 2986 oraculi
992 2923 1194 3009 praesagium,
1218 2923 1301 2987 idem

349 3023 628 3108 historiographus
658 3023 886 3108 Vespasianum
924 3023 1084 3088 declarare
1113 3026 1302 3110 suspicatur.

352 3123 415 3189 Sed
433 3124 647 3210 Vespasianus
668 3147 731 3188 non
754 3124 837 3201 aliis,
857 3147 953 3209 quam
975 3124 1038 3187 illis
1061 3124 1133 3188 solis
1154 3125 1305 3210 gentibus

350 3251 426 3313 quae
441 3229 588 3291 Romano
605 3225 745 3312 Imperio
755 3225 947 3289 videbantur
962 3225 1110 3307 subditae,
1122 3226 1306 3293 dominatus

349 3342 410 3394 est.
455 3327 554 3393 Unde
572 3328 694 3415 justius
716 3327 757 3392 ad
782 3326 945 3392 Christum
969 3327 1037 3392 haec
1060 3328 1309 3414 responsarefe-,

350 3444 479 3507 runtur,
495 3430 536 3494 ad
553 3453 646 3516 quem
663 3430 746 3495 dixit
762 3442 870 3516 pater:
896 3431 974 3495 Pete
989 3454 1008 3494 a
1022 3455 1083 3511 me,
1098 3444 1130 3497 et
1145 3431 1229 3496 dabo
1245 3432 1304 3497 tibi

350 3546 473 3618 gentes,
489 3532 699 3598 hereditatem
720 3546 821 3611 tuam,
836 3542 867 3596 et
890 3533 1116 3618 possessionem
1137 3546 1224 3600 tuam
1243 3548 1305 3600 ter-

350 3637 453 3699 minos
475 3648 577 3699 terrae.
624 3635 669 3699 Et
690 3635 783 3719 cujus
804 3656 864 3719 per
883 3633 967 3698 idem
989 3647 1127 3723 tempus,
1143 3657 1200 3722 per
1216 3638 1306 3723 Apo·

351 3736 449 3802 stolos
463 3759 549 3813 suos,
564 3737 597 3801 in
620 3759 745 3800 omnem
769 3749 886 3800 terram
909 3737 1010 3802 exivit
1025 3761 1121 3803 sonus
1135 3761 1256 3815 eorum,
1272 3751 1304 3802 et

352 3840 384 3903 in
400 3839 480 3902 fines
492 3839 580 3905 orbis
596 3852 689 3903 terrae
704 3839 801 3903 verba
815 3861 933 3903 eorum.
