3309 5309
231 688 305 735 cue.
322 672 378 759 ιι]
604 656 859 734 nonicmnrcus.
1130 673 1191 732 165

233 844 419 926 reprobum,
436 839 522 928 quod
532 839 661 925 planum
673 851 721 904 est
730 839 779 904 his
790 840 845 926 qui
859 836 1049 924 Apostolum
1062 835 1187 923 plenius

233 956 403 1010 noverunt.
425 950 661 1028 Argumentum
672 954 779 1006 tamen
790 943 831 1006 ad
841 941 949 1006 omnia
957 939 1187 1005 validissimum

233 1056 292 1126 est,
303 1058 341 1111 ut
351 1047 393 1111 de
405 1045 468 1109 fide
478 1055 512 1109 et
522 1044 703 1110 sinceritate
715 1043 913 1127 singulorum
925 1041 1074 1107 credatur
1084 1041 1189 1127 operi·

233 1148 293 1212 bus
308 1147 384 1214 suis.
429 1148 538 1233 Opera
553 1146 639 1211 enim
655 1168 729 1233 quae
743 1145 819 1210 facit
828 1145 953 1231 aliquis,
969 1143 1188 1211 testimonium

234 1249 406 1335 perhibent
426 1251 467 1314 de
484 1272 532 1315 eo.
579 1249 700 1313 Verum
723 1250 778 1335 qui
800 1249 938 1333 seipsum
961 1248 1096 1333 ignorat,
1110 1246 1189 1334 quid

237 1349 356 1414 utiliter
371 1348 478 1415 novit?
502 1350 536 1416 si
551 1350 676 1435 ignoras
691 1360 734 1430 te,
748 1349 864 1435 inquit,
879 1347 1091 1434 pulcherrima
1106 1347 1189 1411 inter

237 1453 396 1530 mulieres,
418 1453 471 1518 abi
492 1465 563 1539 post
585 1451 718 1537 vestigia
739 1450 907 1527 sodalium,
924 1461 957 1514 et
977 1461 1047 1541 post
1065 1472 1190 1538 greges.

240 1555 414 1621 Oraculum
438 1555 595 1642 Apollinis
615 1567 674 1632 est,
697 1566 730 1618 et
749 1553 950 1619 descendisse
965 1552 1006 1616 de
1026 1552 1106 1616 coelo
1121 1574 1190 1617 cre-

242 1658 333 1737 ditur,
358 1660 440 1747 γνῶθι
462 1658 589 1735 σεαυτὸν,
613 1657 647 1721 id
674 1666 732 1735 est,
763 1656 841 1720 scito
870 1655 1017 1742 teipsum.
1073 1659 1189 1719 Nonne

242 1768 328 1832 scivit
342 1767 403 1831 hoe
418 1766 553 1833 Ethicus
567 1767 687 1847 dicens,

342 1904 454 1969 Discite,
467 1910 521 1957 eto
532 1906 622 1958 miseri
634 1922 729 1959 causas
742 1906 892 1974 cognoscite
903 1922 997 1969 rerum,

346 1991 418 2053 Quid
429 2008 527 2056 sumus,
539 1997 585 2044 aut
596 1992 720 2060 quidnam
731 1994 824 2046 victuri
836 1993 978 2060 gignimur,
991 1991 1053 2043 ordo

341 2077 409 2139 Quis
420 2076 507 2139 datus,
519 2082 564 2129 ant
576 2086 655 2130 mctae
667 2096 747 2147 quum
759 2079 844 2131 mollis
856 2080 939 2130 flexus
950 2082 977 2129 et
989 2077 1066 2139 unde,

345 2162 414 2224 Quis
422 2163 514 2215 modus
525 2168 643 2231 argento,
656 2164 718 2233 quid
729 2163 769 2217 fas
781 2170 879 2237 optare,
891 2164 953 2234 quid
964 2180 1040 2242 asper

345 2248 421 2302 Utile
432 2267 553 2302 nummus
563 2250 652 2316 habet,
666 2252 750 2321 pueris
761 2252 877 2321 cerisque
888 2251 1035 2323 propinquis

347 2335 483 2397 Quantum
496 2335 601 2403 elargiri
613 2337 712 2402 deccat,
725 2356 803 2407 quem
815 2344 842 2391 te
855 2339 929 2391 Deus
941 2355 998 2391 esse

345 2422 363 2473 J
365 2422 440 2487 ussit,
453 2426 481 2475 ct
492 2421 607 2474 humana
619 2440 669 2491 qua
681 2430 754 2494 parte
766 2423 867 2477 locatus
879 2442 907 2477 cs
918 2425 946 2476 in
958 2442 994 2477 re.

248 2547 326 2612 Haec
341 2548 462 2615 etenim
478 2548 707 2634 contemplatio
728 2549 994 2636 quadripartitum
1009 2549 1092 2634 parit
1111 2549 1194 2613 sruc-

246 2663 322 2729 tum,
346 2651 517 2716 utilitatem
540 2651 599 2729 sui,
622 2652 786 2717 caritatem
809 2650 954 2738 proximi,
975 2661 1194 2736 contemptum

244 2753 363 2832 mundi,
387 2775 528 2818 amorem
553 2753 626 2819 Dei.
672 2757 725 2818 An
751 2777 813 2818 non
830 2767 877 2819 est
900 2753 994 2819 arbor
1011 2752 1106 2830 bone,
1122 2775 1196 2839 quae

246 2868 367 2921 uotam
396 2858 559 2921 fructuum
582 2856 786 2921 dulcedinem
822 2857 924 2937 affert,
961 2868 1082 2921 tantam
1105 2855 1197 2920 affert

244 2957 439 3024 utilitatem?
462 2959 558 3025 Certe
588 2981 651 3023 non
674 2960 828 3047 superbit,
860 2960 915 3047 qui
944 2982 1059 3045 parvus
1085 2969 1133 3022 est
1161 2957 1196 3021 in

244 3062 340 3127 oculis
361 3062 435 3128 suis.
481 3062 571 3128 Dum
599 3063 733 3150 quisque
761 3085 835 3150 quae
858 3064 974 3127 adsunt
994 3061 1046 3126 vel
1068 3061 1195 3138 absunt,

244 3163 463 3252 expetibilium
479 3186 650 3229 numerum
667 3165 795 3250 cogitat,
804 3165 875 3251 quis
887 3165 927 3229 de
943 3187 999 3229 sua
1008 3173 1195 3251 paupertate

247 3288 306 3332 non
322 3265 506 3332 erubescit?
531 3266 563 3332 Si
579 3268 651 3354 quis
672 3289 736 3332 non
751 3267 933 3353 appetenda
952 3267 1000 3331 sui
1021 3277 1195 3348 recenseat,

246 3370 273 3434 ei
283 3370 373 3459 jugis
381 3368 516 3435 materia
529 3371 667 3435 modesti
678 3371 794 3436 doloris
806 3383 839 3435 et
850 3371 1037 3436 humilitatis
1048 3369 1195 3436 occurrit.

248 3472 450 3559 Quocunque
469 3493 503 3537 se
523 3484 637 3553 vertat,
650 3472 684 3535 in
706 3473 809 3558 seipso
831 3472 989 3558 dejicitur,
1010 3473 1066 3560 qui
1081 3473 1195 3559 petita

247 3574 389 3640 Domino
411 3574 591 3657 confortari,
612 3574 737 3639 dicens:
770 3575 967 3641 Humiliatus
989 3598 1059 3641 sum
1082 3597 1198 3663 usque-

245 3699 382 3765 quaque,
394 3676 519 3743 vivifica
531 3699 584 3742 me
596 3678 772 3742 secundum
785 3677 949 3766 eloquium
959 3690 1062 3745 tuum.
1097 3681 1196 3744 ltem·

247 3802 325 3867 quer
354 3780 437 3865 Ego,
459 3779 573 3869 inquit,
598 3780 630 3844 in
650 3780 778 3866 flagella
799 3794 927 3867 paratus
948 3806 1030 3864 sum,
1053 3793 1087 3847 et
1107 3784 1200 3859 dolor

247 3904 336 3949 meus
351 3882 384 3948 in
400 3895 573 3970 conspectu
588 3905 662 3949 meo
676 3906 809 3970 semper.
