3309 5309
362 672 432 717 ose.
448 655 512 731 no]
701 670 956 716 rouronarrcus.
1251 658 1314 718 299

361 822 468 889 monio
493 820 642 908 gaudeat.
690 821 751 885 Sed
775 820 855 886 dicis
878 822 978 886 forte:
1018 821 1098 898 Quis
1122 834 1169 888 est
1195 822 1257 899 bic,
1279 834 1312 889 et

360 925 564 994 laudabimus
578 928 678 989 eum?
715 923 840 1011 Utique
860 947 921 988 non
944 947 1017 989 eum
1040 924 1177 990 arbitror
1196 948 1310 1012 expec-

359 1027 493 1093 tandum
519 1026 633 1091 dandis
658 1026 807 1102 consiliis,
829 1026 885 1112 qui
911 1040 1077 1112 peccatum
1103 1050 1166 1092 non
1189 1027 1308 1108 fecerit,

359 1130 414 1196 sed
437 1151 533 1216 quem
556 1151 686 1215 peccare
707 1150 771 1192 non
791 1129 899 1215 juvat,
921 1128 978 1216 qui
1003 1142 1167 1216 peccatum
1192 1130 1308 1208 oderit,

360 1236 481 1298 virtute
494 1230 646 1316 gaudeat,
662 1241 694 1294 et
709 1253 778 1295 eam
794 1252 911 1316 magno
925 1230 1083 1296 desiderio
1097 1232 1310 1318 concupiscat,

359 1333 517 1399 hominem
533 1332 650 1398 scilicet
673 1333 765 1397 bonae
785 1331 968 1397 voluntatis.
1014 1332 1078 1399 Sed
1093 1356 1150 1398 nec
1164 1334 1251 1399 istud
1267 1332 1308 1398 ad

358 1457 498 1520 unguem
514 1433 719 1498 resecandum
741 1446 799 1508 est,
815 1431 992 1518 benigniori
1011 1432 1119 1518 potius
1139 1430 1176 1499 ut
1190 1434 1309 1500 dicitur

358 1536 516 1612 Minerva,
532 1536 589 1621 qui
611 1557 674 1600 non
697 1534 894 1620 simpliciter,
909 1534 963 1599 sed
985 1533 1121 1598 aliorum
1143 1535 1308 1602 collatione

356 1641 508 1704 innocens
523 1637 679 1702 videatur.
725 1636 804 1714 Quis
826 1637 910 1701 enim
924 1635 1127 1723 gloriabitur,
1143 1659 1175 1701 se
1191 1661 1307 1725 usque·

357 1763 485 1828 quaque
499 1754 622 1807 castum
638 1741 754 1806 habere
770 1763 837 1819 cor,
848 1764 950 1827 quum
964 1752 997 1804 et
1011 1751 1097 1805 astra
1108 1739 1228 1805 munda
1242 1763 1306 1806 non

357 1844 474 1907 sintin
497 1854 669 1929 conspectu
691 1841 789 1921 illius,
811 1841 869 1930 qui
895 1841 927 1906 in
949 1840 1071 1927 angelis
1098 1844 1163 1907 suis
1188 1843 1306 1928 reperit

356 1943 568 2028 pravitatem?
592 1943 701 2029 Iniqui
709 1967 785 2028 ergo
795 1942 921 2008 arcendi
933 1953 1017 2020 sunt,
1027 1942 1156 2029 superbi
1165 1955 1197 2008 et
1206 1943 1304 2022 avari,

356 2057 388 2110 et
417 2047 520 2111 omnis
546 2045 733 2133 hujusmodi
762 2044 862 2131 pestis
887 2043 1060 2110 hominum.
1106 2043 1196 2109 Nihil
1222 2045 1304 2110 enim

355 2148 560 2233 perniciosius
577 2160 625 2215 est
646 2147 756 2236 iniquo
776 2147 885 2215 divitis
899 2147 1088 2215 consiliario.
1134 2149 1243 2228 Omni,
1257 2148 1304 2213 iu-

354 2249 435 2334 quit,
449 2250 594 2317 custodia
617 2273 706 2316 serva
727 2274 782 2316 cor
804 2263 911 2330 tuum,
926 2249 1077 2338 quoniam
1096 2273 1139 2318 ex
1153 2249 1222 2337 ipso
1236 2251 1303 2317 vita

354 2352 509 2436 procedit.
571 2355 631 2418 Est
666 2354 776 2441 itaque
805 2353 1041 2439 providendum
1071 2355 1234 2440 potestati,
1263 2378 1303 2420 ne

353 2453 522 2520 consiliarii
550 2457 620 2543 ejus
654 2455 830 2540 indigeant,
858 2476 898 2519 ne
927 2455 1029 2520 aliena
1062 2455 1303 2523 immoderatius

353 2556 585 2642 concupiscant.
629 2558 722 2636 Quod
737 2556 833 2622 etiam
848 2555 890 2619 ad
904 2578 958 2619 eos
972 2578 1073 2640 usque
1087 2557 1302 2641 protenditur,
1348 2610 1351 2616 .

355 2656 454 2742 quiin
469 2681 600 2746 corpore
616 2657 812 2743 reipublicae,
823 2656 1012 2721 interiorum
1028 2653 1173 2720 obtinent
1189 2657 1301 2736 vicem,

354 2779 433 2844 quos
452 2772 629 2845 quaestores
651 2770 683 2822 et
705 2755 1013 2833 commentarienses,
1028 2766 1061 2819 et
1076 2777 1182 2820 rerum
1197 2752 1303 2843 prira.

352 2871 458 2923 tarum
474 2859 605 2925 comites
619 2880 686 2922 esse
698 2856 916 2944 praediximus.
955 2858 1036 2921 Haec
1047 2856 1130 2921 enim
1141 2860 1248 2924 omnia
1257 2861 1301 2926 sd

352 2963 530 3024 satietatem
554 2957 724 3025 reficienda
743 2972 831 3038 sunt,
847 2973 879 3026 et
895 2959 976 3024 hanc
995 2982 1035 3026 ex
1057 2960 1253 3039 necessitate,
1269 2973 1301 3028 et

350 3083 426 3137 usu,
441 3060 552 3126 habita
567 3060 687 3125 ratione
708 3084 926 3148 personarum,
940 3073 1068 3148 oportet
1087 3060 1299 3148 interpretari.

349 3164 386 3230 Si
406 3160 490 3227 enim
516 3161 698 3228 reficiantur
722 3163 858 3242 avidius,
880 3177 913 3231 et
939 3164 1044 3228 minus
1068 3163 1224 3248 digerant,
1247 3185 1300 3246 ge-

350 3276 462 3329 nerant
477 3266 615 3346 morbos,
629 3278 685 3330 aut
700 3265 900 3345 incurabiles,
916 3279 972 3332 aut
988 3263 1140 3330 difficiles.
1179 3263 1300 3350 Impos-

350 3366 440 3432 sibile
456 3367 613 3455 siquidem
629 3381 687 3444 est,
704 3390 897 3458 quemquam
908 3367 1068 3457 justitiam
1082 3380 1115 3433 et
1129 3365 1296 3454 pecuniam

350 3469 448 3556 sequi.
493 3471 565 3536 Aut
579 3470 661 3535 enim
678 3475 734 3537 uni
754 3473 888 3537 istorum
910 3471 1048 3560 quilibet
1062 3469 1250 3547 adhaerebit,
1266 3481 1298 3535 et

349 3571 484 3637 alterum
507 3585 697 3653 contemnet,
718 3585 774 3638 aut
798 3574 1003 3660 torquebitur
1027 3572 1138 3654 altero,
1159 3571 1298 3637 melioris

348 3694 470 3760 expers.
515 3675 627 3737 Avaro
652 3697 801 3761 namque,
828 3686 909 3740 teste
933 3673 1099 3760 sapientia,
1126 3671 1206 3737 nihil
1231 3694 1296 3736 sce·

348 3775 469 3852 lestiuS,
484 3787 517 3841 et
531 3773 611 3842 nihil
625 3776 768 3862 iniquius
783 3800 881 3863 quam
896 3799 1002 3842 amare
1017 3775 1194 3862 pecuniam.
1232 3774 1297 3840 Hic

348 3875 431 3940 enim
454 3876 591 3941 animam
616 3899 704 3942 suam
731 3877 873 3942 venalem
900 3878 1008 3956 habet,
1034 3890 1067 3942 et
1092 3878 1125 3941 iu
1152 3875 1218 3940 vita
1241 3897 1299 3945 sua

347 3978 480 4065 projecit
505 3977 618 4044 intima
645 4001 711 4044 sua.
756 3983 803 4045 Et
828 3980 911 4045 forte
932 3980 1006 4045 ideo
1027 3992 1130 4045 crates
1151 3977 1298 4064 pectoris,

348 4090 571 4168 costarumque
586 4079 789 4162 soliditatem,
800 4097 833 4149 et
848 4092 999 4150 extremae
1015 4083 1099 4148 cutis
1113 4081 1298 4156 claustrum,

347 4193 463 4245 natura
486 4181 728 4267 diligentissima
742 4205 867 4268 parens,
883 4183 1113 4269 circumposuit
1129 4176 1298 4255 intestinis,

346 4282 411 4349 duo
437 4282 591 4350 adversus
616 4306 742 4349 omnem
767 4286 957 4351 exteriorem
979 4281 1162 4353 violentiam
1186 4278 1297 4345 fierent
