<?xml version="1.0" encoding="UTF-8"?>
<!DOCTYPE html PUBLIC "-//W3C//DTD XHTML 1.0 Transitional//EN"
    "http://www.w3.org/TR/xhtml1/DTD/xhtml1-transitional.dtd">
<html xmlns="http://www.w3.org/1999/xhtml" xml:lang="en" lang="en">
 <head>
  <title>
</title>
<meta http-equiv="Content-Type" content="text/html;charset=utf-8" />
  <meta name='ocr-system' content='tesseract 3.04.00' />
  <meta name='ocr-capabilities' content='ocr_page ocr_carea ocr_par ocr_line ocrx_word'/>
</head>
<body>
  <div class='ocr_page' id='page_1' title='image "./joannissaresber04johngoog_0050.png"; bbox 0 0 3309 5309; ppageno 0'>
   <div class='ocr_carea' id='block_1_1' title="bbox 349 639 1305 718">
    <p class='ocr_par' dir='ltr' id='par_1_1' title="bbox 349 639 1305 718">
     <span class='ocr_line' id='line_1_1' title="bbox 349 639 1305 718; baseline 0.006 -17"><span class='ocrx_word' id='word_1_1' title='bbox 349 644 389 702; x_wconf 78' lang='grc'>34</span> <span class='ocrx_word' id='word_1_2' title='bbox 611 655 746 701; x_wconf 82' lang='lat' dir='ltr'>roanms</span> <span class='ocrx_word' id='word_1_3' title='bbox 763 655 1043 701; x_wconf 80' lang='lat' dir='ltr'>saansaanransls</span> <span class='ocrx_word' id='word_1_4' title='bbox 1180 639 1263 718; x_wconf 80' lang='lat' dir='ltr'>[tin.</span> <span class='ocrx_word' id='word_1_5' title='bbox 1281 656 1305 708; x_wconf 84' lang='lat'>1.</span> 
     </span>
    </p>
   </div>
   <div class='ocr_carea' id='block_1_2' title="bbox 344 808 1319 3734">
    <p class='ocr_par' dir='ltr' id='par_1_2' title="bbox 344 808 1319 3734">
     <span class='ocr_line' id='line_1_2' title="bbox 348 808 1304 894; baseline 0.002 -21"><span class='ocrx_word' id='word_1_6' title='bbox 348 810 468 886; x_wconf 90' lang='lat' dir='ltr'>tabula,</span> <span class='ocrx_word' id='word_1_7' title='bbox 484 808 553 871; x_wconf 90' lang='lat' dir='ltr'>urio</span> <span class='ocrx_word' id='word_1_8' title='bbox 570 810 619 872; x_wconf 91' lang='lat' dir='ltr'>vel</span> <span class='ocrx_word' id='word_1_9' title='bbox 643 809 785 873; x_wconf 89' lang='lat' dir='ltr'>dardana</span> <span class='ocrx_word' id='word_1_10' title='bbox 805 831 926 894; x_wconf 90' lang='lat' dir='ltr'>pugna,</span> <span class='ocrx_word' id='word_1_11' title='bbox 946 811 1088 889; x_wconf 91' lang='lat' dir='ltr'>tricolus,</span> <span class='ocrx_word' id='word_1_12' title='bbox 1111 812 1213 889; x_wconf 87' lang='lat' dir='ltr'>senio,</span> <span class='ocrx_word' id='word_1_13' title='bbox 1232 835 1304 876; x_wconf 93' lang='lat' dir='ltr'>mo·</span> 
     </span>
     <span class='ocr_line' id='line_1_3' title="bbox 350 910 1319 1016; baseline 0.006 -43"><span class='ocrx_word' id='word_1_14' title='bbox 350 911 500 986; x_wconf 89' lang='lat' dir='ltr'>narchus,</span> <span class='ocrx_word' id='word_1_15' title='bbox 523 910 669 987; x_wconf 88' lang='lat' dir='ltr'><strong>orbiculi,</strong></span> <span class='ocrx_word' id='word_1_16' title='bbox 691 911 874 988; x_wconf 87' lang='lat' dir='ltr'>taliorchus,</span> <span class='ocrx_word' id='word_1_17' title='bbox 895 912 1017 995; x_wconf 83' lang='lat' dir='ltr'>vulpes,</span> <span class='ocrx_word' id='word_1_18' title='bbox 1039 934 1174 997; x_wconf 90' lang='lat' dir='ltr'>quorum</span> <span class='ocrx_word' id='word_1_19' title='bbox 1203 924 1319 1016; x_wconf 47' lang='lat' dir='ltr'>artem·</span> 
     </span>
     <span class='ocr_line' id='line_1_4' title="bbox 350 1010 1304 1093; baseline 0.006 -20"><span class='ocrx_word' id='word_1_20' title='bbox 350 1011 459 1073; x_wconf 90' lang='lat' dir='ltr'>utilius</span> <span class='ocrx_word' id='word_1_21' title='bbox 481 1020 529 1073; x_wconf 90' lang='lat' dir='ltr'>est</span> <span class='ocrx_word' id='word_1_22' title='bbox 551 1010 715 1074; x_wconf 84' lang='lat' dir='ltr'>dediscere</span> <span class='ocrx_word' id='word_1_23' title='bbox 738 1032 834 1093; x_wconf 90' lang='lat' dir='ltr'>qnam</span> <span class='ocrx_word' id='word_1_24' title='bbox 857 1011 982 1075; x_wconf 89' lang='lat' dir='ltr'>docere.</span> <span class='ocrx_word' id='word_1_25' title='bbox 1028 1013 1110 1085; x_wconf 90' lang='lat' dir='ltr'>Quis</span> <span class='ocrx_word' id='word_1_26' title='bbox 1132 1012 1217 1077; x_wconf 91' lang='lat' dir='ltr'>enim</span> <span class='ocrx_word' id='word_1_27' title='bbox 1236 1037 1304 1080; x_wconf 90' lang='lat' dir='ltr'>non</span> 
     </span>
     <span class='ocr_line' id='line_1_5' title="bbox 349 1113 1303 1194; baseline 0.009 -21"><span class='ocrx_word' id='word_1_28' title='bbox 349 1113 527 1189; x_wconf 90' lang='lat' dir='ltr'>erubescat,</span> <span class='ocrx_word' id='word_1_29' title='bbox 542 1113 569 1175; x_wconf 91' lang='lat' dir='ltr'>si</span> <span class='ocrx_word' id='word_1_30' title='bbox 590 1113 683 1175; x_wconf 89' lang='lat' dir='ltr'>sortis</span> <span class='ocrx_word' id='word_1_31' title='bbox 706 1134 771 1176; x_wconf 86' lang='lat' dir='ltr'>suae</span> <span class='ocrx_word' id='word_1_32' title='bbox 795 1114 940 1191; x_wconf 83' lang='lat' dir='ltr'>gratiam,</span> <span class='ocrx_word' id='word_1_33' title='bbox 963 1136 1027 1177; x_wconf 92' lang='lat' dir='ltr'>non</span> <span class='ocrx_word' id='word_1_34' title='bbox 1044 1115 1151 1178; x_wconf 88' lang='lat' dir='ltr'>virtuti</span> <span class='ocrx_word' id='word_1_35' title='bbox 1174 1117 1303 1194; x_wconf 85' lang='lat' dir='ltr'>debeat,</span> 
     </span>
     <span class='ocr_line' id='line_1_6' title="bbox 350 1212 1303 1300; baseline 0.008 -25"><span class='ocrx_word' id='word_1_36' title='bbox 350 1212 406 1275; x_wconf 90' lang='lat' dir='ltr'>sed</span> <span class='ocrx_word' id='word_1_37' title='bbox 432 1212 572 1276; x_wconf 83' lang='lat' dir='ltr'>taxillis?</span> <span class='ocrx_word' id='word_1_38' title='bbox 611 1215 692 1286; x_wconf 87' lang='lat' dir='ltr'>Quis</span> <span class='ocrx_word' id='word_1_39' title='bbox 717 1214 816 1275; x_wconf 87' lang='lat' dir='ltr'>fritilli</span> <span class='ocrx_word' id='word_1_40' title='bbox 845 1217 1001 1278; x_wconf 82' lang='lat' dir='ltr'>cautelam</span> <span class='ocrx_word' id='word_1_41' title='bbox 1029 1237 1096 1278; x_wconf 79' lang='lat' dir='ltr'>suae</span> <span class='ocrx_word' id='word_1_42' title='bbox 1122 1218 1303 1300; x_wconf 73' lang='lat' dir='ltr'>prudentia</span> 
     </span>
     <span class='ocr_line' id='line_1_7' title="bbox 349 1313 1302 1400; baseline 0.009 -25"><span class='ocrx_word' id='word_1_43' title='bbox 349 1336 415 1376; x_wconf 90' lang='lat' dir='ltr'>non</span> <span class='ocrx_word' id='word_1_44' title='bbox 443 1314 550 1378; x_wconf 89' lang='lat' dir='ltr'>doleat</span> <span class='ocrx_word' id='word_1_45' title='bbox 578 1313 749 1378; x_wconf 82' lang='lat' dir='ltr'>anteferri?</span> <span class='ocrx_word' id='word_1_46' title='bbox 789 1316 906 1377; x_wconf 88' lang='lat' dir='ltr'>Nonne</span> <span class='ocrx_word' id='word_1_47' title='bbox 936 1317 1013 1379; x_wconf 87' lang='lat' dir='ltr'>satis</span> <span class='ocrx_word' id='word_1_48' title='bbox 1041 1318 1222 1400; x_wconf 89' lang='lat' dir='ltr'>improbata</span> <span class='ocrx_word' id='word_1_49' title='bbox 1251 1331 1302 1385; x_wconf 91' lang='lat' dir='ltr'>est</span> 
     </span>
     <span class='ocr_line' id='line_1_8' title="bbox 350 1416 1303 1502; baseline 0.007 -24"><span class='ocrx_word' id='word_1_50' title='bbox 350 1416 506 1500; x_wconf 88' lang='lat' dir='ltr'>cujusque</span> <span class='ocrx_word' id='word_1_51' title='bbox 518 1418 592 1480; x_wconf 87' lang='lat' dir='ltr'>artis</span> <span class='ocrx_word' id='word_1_52' title='bbox 605 1416 801 1490; x_wconf 86' lang='lat' dir='ltr'>exercitatio,</span> <span class='ocrx_word' id='word_1_53' title='bbox 813 1439 875 1500; x_wconf 91' lang='lat' dir='ltr'>qua</span> <span class='ocrx_word' id='word_1_54' title='bbox 887 1428 1006 1501; x_wconf 90' lang='lat' dir='ltr'>quanto</span> <span class='ocrx_word' id='word_1_55' title='bbox 1017 1419 1154 1502; x_wconf 89' lang='lat' dir='ltr'>quisque</span> <span class='ocrx_word' id='word_1_56' title='bbox 1166 1419 1303 1500; x_wconf 83' lang='lat' dir='ltr'>doctior,</span> 
     </span>
     <span class='ocr_line' id='line_1_9' title="bbox 348 1517 1300 1602; baseline 0.005 -22"><span class='ocrx_word' id='word_1_57' title='bbox 348 1528 438 1581; x_wconf 90' lang='lat' dir='ltr'>tauto</span> <span class='ocrx_word' id='word_1_58' title='bbox 455 1517 610 1601; x_wconf 84' lang='lat' dir='ltr'>nequior?</span> <span class='ocrx_word' id='word_1_59' title='bbox 636 1520 764 1582; x_wconf 85' lang='lat' dir='ltr'>Aleator</span> <span class='ocrx_word' id='word_1_60' title='bbox 778 1518 907 1602; x_wconf 90' lang='lat' dir='ltr'>quidem</span> <span class='ocrx_word' id='word_1_61' title='bbox 924 1520 1028 1583; x_wconf 89' lang='lat' dir='ltr'>omnis</span> <span class='ocrx_word' id='word_1_62' title='bbox 1042 1521 1095 1583; x_wconf 91' lang='lat' dir='ltr'>hic</span> <span class='ocrx_word' id='word_1_63' title='bbox 1111 1530 1171 1583; x_wconf 77' lang='lat' dir='ltr'>est</span> <span class='ocrx_word' id='word_1_64' title='bbox 1205 1524 1300 1586; x_wconf 91' lang='lat' dir='ltr'>Men·</span> 
     </span>
     <span class='ocr_line' id='line_1_10' title="bbox 349 1618 1302 1704; baseline 0.01 -24"><span class='ocrx_word' id='word_1_65' title='bbox 349 1618 512 1682; x_wconf 85' lang='lat' dir='ltr'>daciornm</span> <span class='ocrx_word' id='word_1_66' title='bbox 534 1620 691 1704; x_wconf 86' lang='lat' dir='ltr'>siquidem</span> <span class='ocrx_word' id='word_1_67' title='bbox 713 1631 745 1682; x_wconf 91' lang='lat' dir='ltr'>et</span> <span class='ocrx_word' id='word_1_68' title='bbox 765 1618 973 1702; x_wconf 89' lang='lat' dir='ltr'>perjuriorum</span> <span class='ocrx_word' id='word_1_69' title='bbox 994 1633 1095 1684; x_wconf 90' lang='lat' dir='ltr'>mater</span> <span class='ocrx_word' id='word_1_70' title='bbox 1110 1632 1158 1684; x_wconf 86' lang='lat' dir='ltr'>est</span> <span class='ocrx_word' id='word_1_71' title='bbox 1172 1623 1253 1703; x_wconf 88' lang='lat' dir='ltr'>alea,</span> <span class='ocrx_word' id='word_1_72' title='bbox 1269 1636 1302 1690; x_wconf 89' lang='lat' dir='ltr'>et</span> 
     </span>
     <span class='ocr_line' id='line_1_11' title="bbox 348 1720 1302 1806; baseline 0.007 -23"><span class='ocrx_word' id='word_1_73' title='bbox 348 1742 390 1784; x_wconf 86' lang='lat' dir='ltr'>ex</span> <span class='ocrx_word' id='word_1_74' title='bbox 421 1722 527 1785; x_wconf 90' lang='lat' dir='ltr'>aliena</span> <span class='ocrx_word' id='word_1_75' title='bbox 556 1721 821 1806; x_wconf 89' lang='lat' dir='ltr'>concupiscentia</span> <span class='ocrx_word' id='word_1_76' title='bbox 850 1744 908 1785; x_wconf 89' lang='lat' dir='ltr'>sua</span> <span class='ocrx_word' id='word_1_77' title='bbox 936 1720 1088 1806; x_wconf 85' lang='lat' dir='ltr'>prodigit,</span> <span class='ocrx_word' id='word_1_78' title='bbox 1117 1734 1150 1786; x_wconf 93' lang='lat' dir='ltr'>et</span> <span class='ocrx_word' id='word_1_79' title='bbox 1178 1727 1302 1790; x_wconf 89' lang='lat' dir='ltr'>nullam</span> 
     </span>
     <span class='ocr_line' id='line_1_12' title="bbox 348 1823 1302 1907; baseline 0.006 -22"><span class='ocrx_word' id='word_1_80' title='bbox 348 1825 470 1887; x_wconf 90' lang='lat' dir='ltr'>habens</span> <span class='ocrx_word' id='word_1_81' title='bbox 485 1824 668 1906; x_wconf 87' lang='lat' dir='ltr'>patrimonii</span> <span class='ocrx_word' id='word_1_82' title='bbox 691 1823 909 1900; x_wconf 85' lang='lat' dir='ltr'>reverentiam,</span> <span class='ocrx_word' id='word_1_83' title='bbox 925 1844 1023 1907; x_wconf 92' lang='lat' dir='ltr'>quum</span> <span class='ocrx_word' id='word_1_84' title='bbox 1039 1824 1119 1887; x_wconf 93' lang='lat' dir='ltr'>illud</span> <span class='ocrx_word' id='word_1_85' title='bbox 1141 1826 1302 1904; x_wconf 86' lang='lat' dir='ltr'>effuderit,</span> 
     </span>
     <span class='ocr_line' id='line_1_13' title="bbox 348 1923 1301 2007; baseline 0.006 -22"><span class='ocrx_word' id='word_1_86' title='bbox 348 1925 466 1986; x_wconf 85' lang='lat' dir='ltr'>sensim</span> <span class='ocrx_word' id='word_1_87' title='bbox 482 1925 516 1985; x_wconf 94' lang='lat' dir='ltr'>in</span> <span class='ocrx_word' id='word_1_88' title='bbox 532 1925 613 1986; x_wconf 83' lang='lat' dir='ltr'>furta</span> <span class='ocrx_word' id='word_1_89' title='bbox 635 1923 783 1986; x_wconf 88' lang='lat' dir='ltr'>dilabitur</span> <span class='ocrx_word' id='word_1_90' title='bbox 798 1934 830 1986; x_wconf 86' lang='lat' dir='ltr'>et</span> <span class='ocrx_word' id='word_1_91' title='bbox 846 1927 982 2007; x_wconf 87' lang='lat' dir='ltr'>rapinas.</span> <span class='ocrx_word' id='word_1_92' title='bbox 1021 1926 1113 1989; x_wconf 90' lang='lat' dir='ltr'>Illam</span> <span class='ocrx_word' id='word_1_93' title='bbox 1130 1949 1204 1991; x_wconf 86' lang='lat' dir='ltr'>vero</span> <span class='ocrx_word' id='word_1_94' title='bbox 1219 1950 1301 1992; x_wconf 91' lang='lat' dir='ltr'>nou·</span> 
     </span>
     <span class='ocr_line' id='line_1_14' title="bbox 348 2025 1301 2111; baseline 0.009 -25"><span class='ocrx_word' id='word_1_95' title='bbox 348 2027 429 2087; x_wconf 91' lang='lat' dir='ltr'>nulli</span> <span class='ocrx_word' id='word_1_96' title='bbox 455 2025 635 2105; x_wconf 71' lang='lat' dir='ltr'>praeferunt,</span> <span class='ocrx_word' id='word_1_97' title='bbox 663 2025 696 2087; x_wconf 92' lang='lat' dir='ltr'>in</span> <span class='ocrx_word' id='word_1_98' title='bbox 723 2047 787 2108; x_wconf 93' lang='lat' dir='ltr'>qua</span> <span class='ocrx_word' id='word_1_99' title='bbox 814 2027 947 2108; x_wconf 85' lang='lat' dir='ltr'>Ulysses</span> <span class='ocrx_word' id='word_1_100' title='bbox 974 2028 1087 2091; x_wconf 87' lang='lat' dir='ltr'>lusisse</span> <span class='ocrx_word' id='word_1_101' title='bbox 1112 2030 1238 2111; x_wconf 90' lang='lat' dir='ltr'>legitur,</span> <span class='ocrx_word' id='word_1_102' title='bbox 1260 2053 1301 2096; x_wconf 91' lang='lat' dir='ltr'>eo</span> 
     </span>
     <span class='ocr_line' id='line_1_15' title="bbox 349 2125 1300 2210; baseline 0.011 -22"><span class='ocrx_word' id='word_1_103' title='bbox 349 2125 438 2209; x_wconf 93' lang='lat' dir='ltr'>quod</span> <span class='ocrx_word' id='word_1_104' title='bbox 452 2126 573 2206; x_wconf 89' lang='lat' dir='ltr'>ingenii</span> <span class='ocrx_word' id='word_1_105' title='bbox 595 2128 797 2210; x_wconf 89' lang='lat' dir='ltr'>aliquatenus</span> <span class='ocrx_word' id='word_1_106' title='bbox 811 2129 910 2191; x_wconf 91' lang='lat' dir='ltr'>multa</span> <span class='ocrx_word' id='word_1_107' title='bbox 933 2129 1141 2195; x_wconf 89' lang='lat' dir='ltr'>meditatione</span> <span class='ocrx_word' id='word_1_108' title='bbox 1157 2134 1300 2198; x_wconf 86' lang='lat' dir='ltr'>excitare</span> 
     </span>
     <span class='ocr_line' id='line_1_16' title="bbox 349 2225 1300 2319; baseline 0.012 -31"><span class='ocrx_word' id='word_1_109' title='bbox 349 2225 494 2290; x_wconf 76' lang='lat' dir='ltr'>rideatur</span> <span class='ocrx_word' id='word_1_110' title='bbox 515 2249 658 2290; x_wconf 85' lang='lat' dir='ltr'>acumen.</span> <span class='ocrx_word' id='word_1_111' title='bbox 704 2228 769 2292; x_wconf 85' lang='lat' dir='ltr'>Sed</span> <span class='ocrx_word' id='word_1_112' title='bbox 784 2250 825 2292; x_wconf 87' lang='lat' dir='ltr'>ex</span> <span class='ocrx_word' id='word_1_113' title='bbox 841 2251 879 2292; x_wconf 89' lang='lat' dir='ltr'>eo</span> <span class='ocrx_word' id='word_1_114' title='bbox 901 2230 980 2294; x_wconf 91' lang='lat' dir='ltr'>mihi</span> <span class='ocrx_word' id='word_1_115' title='bbox 995 2231 1121 2296; x_wconf 84' lang='lat' dir='ltr'>videtur</span> <span class='ocrx_word' id='word_1_116' title='bbox 1136 2235 1300 2319; x_wconf 88' lang='lat' dir='ltr'>perditior,</span> 
     </span>
     <span class='ocr_line' id='line_1_17' title="bbox 350 2328 1301 2417; baseline 0.008 -25"><span class='ocrx_word' id='word_1_117' title='bbox 350 2351 449 2412; x_wconf 91' lang='lat' dir='ltr'>quum</span> <span class='ocrx_word' id='word_1_118' title='bbox 461 2328 541 2391; x_wconf 89' lang='lat' dir='ltr'>nibil</span> <span class='ocrx_word' id='word_1_119' title='bbox 553 2328 711 2392; x_wconf 84' lang='lat' dir='ltr'>infelicius</span> <span class='ocrx_word' id='word_1_120' title='bbox 724 2329 774 2406; x_wconf 91' lang='lat' dir='ltr'>sit,</span> <span class='ocrx_word' id='word_1_121' title='bbox 785 2352 879 2414; x_wconf 89' lang='lat' dir='ltr'>quam</span> <span class='ocrx_word' id='word_1_122' title='bbox 896 2331 928 2394; x_wconf 92' lang='lat' dir='ltr'>iu</span> <span class='ocrx_word' id='word_1_123' title='bbox 945 2354 995 2410; x_wconf 91' lang='lat' dir='ltr'>eo,</span> <span class='ocrx_word' id='word_1_124' title='bbox 1005 2334 1038 2396; x_wconf 91' lang='lat' dir='ltr'>in</span> <span class='ocrx_word' id='word_1_125' title='bbox 1051 2356 1115 2417; x_wconf 95' lang='lat' dir='ltr'>quo</span> <span class='ocrx_word' id='word_1_126' title='bbox 1131 2337 1301 2400; x_wconf 90' lang='lat' dir='ltr'>minimum</span> 
     </span>
     <span class='ocr_line' id='line_1_18' title="bbox 351 2430 1301 2514; baseline 0.009 -22"><span class='ocrx_word' id='word_1_127' title='bbox 351 2430 509 2514; x_wconf 86' lang='lat' dir='ltr'>proficias,</span> <span class='ocrx_word' id='word_1_128' title='bbox 546 2430 717 2512; x_wconf 89' lang='lat' dir='ltr'>plurimum</span> <span class='ocrx_word' id='word_1_129' title='bbox 747 2433 900 2496; x_wconf 88' lang='lat' dir='ltr'>laborare.</span> <span class='ocrx_word' id='word_1_130' title='bbox 955 2435 1017 2499; x_wconf 90' lang='lat' dir='ltr'>Est</span> <span class='ocrx_word' id='word_1_131' title='bbox 1054 2437 1139 2499; x_wconf 92' lang='lat' dir='ltr'>enim</span> <span class='ocrx_word' id='word_1_132' title='bbox 1177 2438 1301 2502; x_wconf 88' lang='lat' dir='ltr'>inutilis</span> 
     </span>
     <span class='ocr_line' id='line_1_19' title="bbox 344 2534 1302 2623; baseline 0.009 -26"><span class='ocrx_word' id='word_1_133' title='bbox 344 2536 572 2619; x_wconf 71' lang='lat' dir='ltr'>&#39;importunitas</span> <span class='ocrx_word' id='word_1_134' title='bbox 589 2534 800 2617; x_wconf 89' lang='lat' dir='ltr'>deprecantis,</span> <span class='ocrx_word' id='word_1_135' title='bbox 816 2559 880 2620; x_wconf 89' lang='lat' dir='ltr'>qna</span> <span class='ocrx_word' id='word_1_136' title='bbox 894 2537 1019 2602; x_wconf 90' lang='lat' dir='ltr'>inutilia</span> <span class='ocrx_word' id='word_1_137' title='bbox 1034 2541 1252 2623; x_wconf 88' lang='lat' dir='ltr'>acquiruntur,</span> <span class='ocrx_word' id='word_1_138' title='bbox 1268 2556 1302 2606; x_wconf 88' lang='lat' dir='ltr'>et</span> 
     </span>
     <span class='ocr_line' id='line_1_20' title="bbox 349 2635 1300 2721; baseline 0.004 -21"><span class='ocrx_word' id='word_1_139' title='bbox 349 2637 513 2720; x_wconf 74' lang='lat' dir='ltr'>quarendi</span> <span class='ocrx_word' id='word_1_140' title='bbox 536 2636 641 2698; x_wconf 90' lang='lat' dir='ltr'>inanis</span> <span class='ocrx_word' id='word_1_141' title='bbox 664 2647 712 2698; x_wconf 90' lang='lat' dir='ltr'>est</span> <span class='ocrx_word' id='word_1_142' title='bbox 736 2635 911 2717; x_wconf 85' lang='lat' dir='ltr'>diligentia,</span> <span class='ocrx_word' id='word_1_143' title='bbox 934 2660 1034 2721; x_wconf 93' lang='lat' dir='ltr'>quum</span> <span class='ocrx_word' id='word_1_144' title='bbox 1054 2640 1214 2703; x_wconf 88' lang='lat' dir='ltr'>invenisse</span> <span class='ocrx_word' id='word_1_145' title='bbox 1234 2663 1300 2704; x_wconf 92' lang='lat' dir='ltr'>non</span> 
     </span>
     <span class='ocr_line' id='line_1_21' title="bbox 350 2738 1300 2824; baseline 0.005 -24"><span class='ocrx_word' id='word_1_146' title='bbox 350 2739 499 2821; x_wconf 89' lang='lat' dir='ltr'>proderit.</span> <span class='ocrx_word' id='word_1_147' title='bbox 543 2738 658 2800; x_wconf 90' lang='lat' dir='ltr'>Posset</span> <span class='ocrx_word' id='word_1_148' title='bbox 677 2738 785 2820; x_wconf 90' lang='lat' dir='ltr'>itaque</span> <span class='ocrx_word' id='word_1_149' title='bbox 807 2750 914 2802; x_wconf 86' lang='lat' dir='ltr'>motus</span> <span class='ocrx_word' id='word_1_150' title='bbox 934 2740 1043 2818; x_wconf 89' lang='lat' dir='ltr'>animi,</span> <span class='ocrx_word' id='word_1_151' title='bbox 1059 2750 1090 2803; x_wconf 90' lang='lat' dir='ltr'>et</span> <span class='ocrx_word' id='word_1_152' title='bbox 1103 2741 1219 2804; x_wconf 89' lang='lat' dir='ltr'>mentis</span> <span class='ocrx_word' id='word_1_153' title='bbox 1234 2744 1300 2824; x_wconf 90' lang='lat' dir='ltr'>agi·</span> 
     </span>
     <span class='ocr_line' id='line_1_22' title="bbox 351 2841 1301 2926; baseline 0.003 -21"><span class='ocrx_word' id='word_1_154' title='bbox 351 2843 442 2919; x_wconf 91' lang='lat' dir='ltr'>tatio,</span> <span class='ocrx_word' id='word_1_155' title='bbox 457 2863 529 2924; x_wconf 83' lang='lat' dir='ltr'>quae</span> <span class='ocrx_word' id='word_1_156' title='bbox 544 2842 586 2904; x_wconf 92' lang='lat' dir='ltr'>ibi</span> <span class='ocrx_word' id='word_1_157' title='bbox 603 2841 717 2903; x_wconf 88' lang='lat' dir='ltr'>frustra</span> <span class='ocrx_word' id='word_1_158' title='bbox 733 2841 928 2919; x_wconf 86' lang='lat' dir='ltr'>distrahitur,</span> <span class='ocrx_word' id='word_1_159' title='bbox 942 2844 1037 2906; x_wconf 90' lang='lat' dir='ltr'>rebus</span> <span class='ocrx_word' id='word_1_160' title='bbox 1053 2844 1301 2926; x_wconf 89' lang='lat' dir='ltr'>pulchrioribus,</span> 
     </span>
     <span class='ocr_line' id='line_1_23' title="bbox 350 2940 1301 3027; baseline 0.002 -18"><span class='ocrx_word' id='word_1_161' title='bbox 350 2958 381 3009; x_wconf 91' lang='lat' dir='ltr'>et</span> <span class='ocrx_word' id='word_1_162' title='bbox 403 2946 586 3009; x_wconf 89' lang='lat' dir='ltr'>melioribus</span> <span class='ocrx_word' id='word_1_163' title='bbox 609 2942 854 3007; x_wconf 87' lang='lat' dir='ltr'>accommodari.</span> <span class='ocrx_word' id='word_1_164' title='bbox 899 2945 1011 3007; x_wconf 89' lang='lat' dir='ltr'>Aleam</span> <span class='ocrx_word' id='word_1_165' title='bbox 1035 2967 1107 3008; x_wconf 90' lang='lat' dir='ltr'>vero</span> <span class='ocrx_word' id='word_1_166' title='bbox 1129 2967 1149 3009; x_wconf 93' lang='lat' dir='ltr'>a</span> <span class='ocrx_word' id='word_1_167' title='bbox 1171 2940 1301 3027; x_wconf 85' lang='lat' dir='ltr'>regione</span> 
     </span>
     <span class='ocr_line' id='line_1_24' title="bbox 350 3044 1301 3131; baseline 0 -20"><span class='ocrx_word' id='word_1_168' title='bbox 350 3069 473 3111; x_wconf 90' lang='lat' dir='ltr'>morum</span> <span class='ocrx_word' id='word_1_169' title='bbox 497 3048 582 3110; x_wconf 89' lang='lat' dir='ltr'>illius</span> <span class='ocrx_word' id='word_1_170' title='bbox 597 3044 768 3109; x_wconf 88' lang='lat' dir='ltr'>auctoritas</span> <span class='ocrx_word' id='word_1_171' title='bbox 783 3064 912 3126; x_wconf 89' lang='lat' dir='ltr'>prorsus</span> <span class='ocrx_word' id='word_1_172' title='bbox 935 3046 1134 3122; x_wconf 87' lang='lat' dir='ltr'>exterminat,</span> <span class='ocrx_word' id='word_1_173' title='bbox 1152 3048 1206 3131; x_wconf 92' lang='lat' dir='ltr'>qui</span> <span class='ocrx_word' id='word_1_174' title='bbox 1230 3049 1301 3111; x_wconf 91' lang='lat' dir='ltr'>uni-</span> 
     </span>
     <span class='ocr_line' id='line_1_25' title="bbox 350 3145 1302 3226; baseline -0.001 -11"><span class='ocrx_word' id='word_1_175' title='bbox 350 3175 473 3216; x_wconf 79' lang='lat' dir='ltr'>versum</span> <span class='ocrx_word' id='word_1_176' title='bbox 486 3153 593 3214; x_wconf 90' lang='lat' dir='ltr'>orbem</span> <span class='ocrx_word' id='word_1_177' title='bbox 608 3150 730 3213; x_wconf 88' lang='lat' dir='ltr'>docens</span> <span class='ocrx_word' id='word_1_178' title='bbox 746 3149 778 3209; x_wconf 89' lang='lat' dir='ltr'>in</span> <span class='ocrx_word' id='word_1_179' title='bbox 793 3147 871 3226; x_wconf 88' lang='lat' dir='ltr'>filio,</span> <span class='ocrx_word' id='word_1_180' title='bbox 882 3169 952 3210; x_wconf 91' lang='lat' dir='ltr'>eam</span> <span class='ocrx_word' id='word_1_181' title='bbox 968 3145 1139 3213; x_wconf 89' lang='lat' dir='ltr'>denunciat</span> <span class='ocrx_word' id='word_1_182' title='bbox 1151 3151 1302 3215; x_wconf 88' lang='lat' dir='ltr'>omnibus</span> 
     </span>
     <span class='ocr_line' id='line_1_26' title="bbox 351 3250 1302 3335; baseline 0.001 -20"><span class='ocrx_word' id='word_1_183' title='bbox 351 3252 544 3334; x_wconf 86' lang='lat' dir='ltr'>fugiendam.</span> <span class='ocrx_word' id='word_1_184' title='bbox 590 3255 640 3316; x_wconf 86' lang='lat' dir='ltr'>Ab</span> <span class='ocrx_word' id='word_1_185' title='bbox 664 3273 702 3314; x_wconf 92' lang='lat' dir='ltr'>ea</span> <span class='ocrx_word' id='word_1_186' title='bbox 723 3250 884 3335; x_wconf 86' lang='lat' dir='ltr'>siquidem</span> <span class='ocrx_word' id='word_1_187' title='bbox 906 3261 1065 3312; x_wconf 87' lang='lat' dir='ltr'>armantur</span> <span class='ocrx_word' id='word_1_188' title='bbox 1087 3250 1127 3313; x_wconf 94' lang='lat' dir='ltr'>ad</span> <span class='ocrx_word' id='word_1_189' title='bbox 1149 3252 1220 3314; x_wconf 87' lang='lat' dir='ltr'>lites</span> <span class='ocrx_word' id='word_1_190' title='bbox 1244 3254 1302 3316; x_wconf 90' lang='lat' dir='ltr'>ho-</span> 
     </span>
     <span class='ocr_line' id='line_1_27' title="bbox 352 3349 1302 3430; baseline 0.004 -16"><span class='ocrx_word' id='word_1_191' title='bbox 352 3355 464 3429; x_wconf 89' lang='lat' dir='ltr'>mines,</span> <span class='ocrx_word' id='word_1_192' title='bbox 493 3354 658 3416; x_wconf 90' lang='lat' dir='ltr'>incurrunt</span> <span class='ocrx_word' id='word_1_193' title='bbox 687 3353 880 3430; x_wconf 89' lang='lat' dir='ltr'>inimicitias,</span> <span class='ocrx_word' id='word_1_194' title='bbox 905 3352 939 3412; x_wconf 93' lang='lat' dir='ltr'>in</span> <span class='ocrx_word' id='word_1_195' title='bbox 963 3349 1120 3428; x_wconf 89' lang='lat' dir='ltr'>miseram,</span> <span class='ocrx_word' id='word_1_196' title='bbox 1144 3354 1202 3414; x_wconf 89' lang='lat' dir='ltr'>etsi</span> <span class='ocrx_word' id='word_1_197' title='bbox 1233 3377 1302 3418; x_wconf 92' lang='lat' dir='ltr'>non</span> 
     </span>
     <span class='ocr_line' id='line_1_28' title="bbox 348 3451 1304 3533; baseline 0.004 -17"><span class='ocrx_word' id='word_1_198' title='bbox 348 3454 575 3526; x_wconf 85' lang='lat' dir='ltr'>miserabilem,</span> <span class='ocrx_word' id='word_1_199' title='bbox 589 3453 739 3518; x_wconf 92' lang='lat' dir='ltr'>incidunt</span> <span class='ocrx_word' id='word_1_200' title='bbox 760 3461 943 3533; x_wconf 85' lang='lat' dir='ltr'>egestatem.</span> <span class='ocrx_word' id='word_1_201' title='bbox 990 3452 1025 3515; x_wconf 90' lang='lat' dir='ltr'>Si</span> <span class='ocrx_word' id='word_1_202' title='bbox 1048 3451 1304 3520; x_wconf 89' lang='lat' dir='ltr'>denuntiationis</span> 
     </span>
     <span class='ocr_line' id='line_1_29' title="bbox 354 3553 997 3639; baseline -0.006 -21"><span class='ocrx_word' id='word_1_203' title='bbox 354 3556 469 3639; x_wconf 89' lang='lat' dir='ltr'>quaeris</span> <span class='ocrx_word' id='word_1_204' title='bbox 484 3564 656 3630; x_wconf 90' lang='lat' dir='ltr'>auctorem,</span> <span class='ocrx_word' id='word_1_205' title='bbox 671 3554 761 3615; x_wconf 85' lang='lat' dir='ltr'>illurn</span> <span class='ocrx_word' id='word_1_206' title='bbox 776 3574 926 3633; x_wconf 89' lang='lat' dir='ltr'>agnosce,</span> <span class='ocrx_word' id='word_1_207' title='bbox 941 3553 997 3637; x_wconf 93' lang='lat' dir='ltr'>qui</span> 
     </span>
     <span class='ocr_line' id='line_1_30' title="bbox 458 3667 1075 3734; baseline -0.003 -13"><span class='ocrx_word' id='word_1_208' title='bbox 458 3668 521 3721; x_wconf 91' lang='lat' dir='ltr'>Non</span> <span class='ocrx_word' id='word_1_209' title='bbox 532 3667 591 3733; x_wconf 82' lang='lat' dir='ltr'>sibi,</span> <span class='ocrx_word' id='word_1_210' title='bbox 603 3667 650 3720; x_wconf 83' lang='lat' dir='ltr'>sed</span> <span class='ocrx_word' id='word_1_211' title='bbox 662 3667 710 3718; x_wconf 85' lang='lat' dir='ltr'>toti</span> <span class='ocrx_word' id='word_1_212' title='bbox 723 3668 841 3734; x_wconf 82' lang='lat' dir='ltr'>genitum</span> <span class='ocrx_word' id='word_1_213' title='bbox 852 3684 881 3719; x_wconf 89' lang='lat' dir='ltr'>se</span> <span class='ocrx_word' id='word_1_214' title='bbox 892 3669 1000 3721; x_wconf 84' lang='lat' dir='ltr'>credidit</span> <span class='ocrx_word' id='word_1_215' title='bbox 1011 3669 1075 3721; x_wconf 92' lang='lat' dir='ltr'>orbi.</span> 
     </span>
    </p>
   </div>
   <div class='ocr_carea' id='block_1_3' title="bbox 340 3769 1302 4365">
    <p class='ocr_par' dir='ltr' id='par_1_3' title="bbox 340 3769 1302 4365">
     <span class='ocr_line' id='line_1_31' title="bbox 341 3769 1300 3854; baseline 0.009 -22"><span class='ocrx_word' id='word_1_216' title='bbox 341 3770 412 3832; x_wconf 80' lang='lat' dir='ltr'>&#39;Est</span> <span class='ocrx_word' id='word_1_217' title='bbox 426 3781 530 3834; x_wconf 92' lang='lat' dir='ltr'>tamen</span> <span class='ocrx_word' id='word_1_218' title='bbox 544 3793 640 3854; x_wconf 91' lang='lat' dir='ltr'>quum</span> <span class='ocrx_word' id='word_1_219' title='bbox 657 3769 690 3831; x_wconf 92' lang='lat' dir='ltr'>iu</span> <span class='ocrx_word' id='word_1_220' title='bbox 706 3770 813 3853; x_wconf 92' lang='lat' dir='ltr'>aliqua</span> <span class='ocrx_word' id='word_1_221' title='bbox 827 3772 935 3854; x_wconf 87' lang='lat' dir='ltr'>specie</span> <span class='ocrx_word' id='word_1_222' title='bbox 951 3772 997 3835; x_wconf 89' lang='lat' dir='ltr'>sui</span> <span class='ocrx_word' id='word_1_223' title='bbox 1013 3773 1145 3836; x_wconf 90' lang='lat' dir='ltr'>licenter</span> <span class='ocrx_word' id='word_1_224' title='bbox 1159 3771 1300 3840; x_wconf 91' lang='lat' dir='ltr'>admitti-</span> 
     </span>
     <span class='ocr_line' id='line_1_32' title="bbox 352 3872 1302 3958; baseline 0.009 -25"><span class='ocrx_word' id='word_1_225' title='bbox 352 3881 411 3946; x_wconf 87' lang='lat' dir='ltr'>tur,</span> <span class='ocrx_word' id='word_1_226' title='bbox 427 3873 453 3934; x_wconf 92' lang='lat' dir='ltr'>si</span> <span class='ocrx_word' id='word_1_227' title='bbox 468 3875 588 3955; x_wconf 91' lang='lat' dir='ltr'>absque</span> <span class='ocrx_word' id='word_1_228' title='bbox 605 3872 681 3933; x_wconf 89' lang='lat' dir='ltr'>vitio</span> <span class='ocrx_word' id='word_1_229' title='bbox 697 3892 843 3934; x_wconf 89' lang='lat' dir='ltr'>curarum</span> <span class='ocrx_word' id='word_1_230' title='bbox 859 3875 1000 3953; x_wconf 90' lang='lat' dir='ltr'>gravium</span> <span class='ocrx_word' id='word_1_231' title='bbox 1016 3872 1143 3956; x_wconf 89' lang='lat' dir='ltr'>pondus</span> <span class='ocrx_word' id='word_1_232' title='bbox 1159 3876 1302 3958; x_wconf 91' lang='lat' dir='ltr'>alleviet,</span> 
     </span>
     <span class='ocr_line' id='line_1_33' title="bbox 350 3971 1300 4058; baseline 0.009 -24"><span class='ocrx_word' id='word_1_233' title='bbox 350 3985 381 4035; x_wconf 91' lang='lat' dir='ltr'>et</span> <span class='ocrx_word' id='word_1_234' title='bbox 404 3973 471 4036; x_wconf 91' lang='lat' dir='ltr'>sine</span> <span class='ocrx_word' id='word_1_235' title='bbox 487 3973 608 4035; x_wconf 86' lang='lat' dir='ltr'>virtutis</span> <span class='ocrx_word' id='word_1_236' title='bbox 632 3971 797 4054; x_wconf 91' lang='lat' dir='ltr'>dispendio</span> <span class='ocrx_word' id='word_1_237' title='bbox 817 3972 996 4056; x_wconf 87' lang='lat' dir='ltr'>jucundam</span> <span class='ocrx_word' id='word_1_238' title='bbox 1018 3976 1300 4058; x_wconf 90' lang='lat' dir='ltr'>interpolationem</span> 
     </span>
     <span class='ocr_line' id='line_1_34' title="bbox 348 4073 1301 4156; baseline 0.008 -19"><span class='ocrx_word' id='word_1_239' title='bbox 348 4077 456 4139; x_wconf 85' lang='lat' dir='ltr'>afferat</span> <span class='ocrx_word' id='word_1_240' title='bbox 471 4074 667 4156; x_wconf 90' lang='lat' dir='ltr'>gaudiorum.</span> <span class='ocrx_word' id='word_1_241' title='bbox 712 4073 824 4136; x_wconf 92' lang='lat' dir='ltr'>Omnis</span> <span class='ocrx_word' id='word_1_242' title='bbox 840 4096 913 4137; x_wconf 90' lang='lat' dir='ltr'>vero</span> <span class='ocrx_word' id='word_1_243' title='bbox 928 4077 1059 4139; x_wconf 88' lang='lat' dir='ltr'>licentia</span> <span class='ocrx_word' id='word_1_244' title='bbox 1071 4075 1301 4144; x_wconf 88' lang='lat' dir='ltr'>moderationis</span> 
     </span>
     <span class='ocr_line' id='line_1_35' title="bbox 340 4176 1300 4260; baseline 0.004 -19"><span class='ocrx_word' id='word_1_245' title='bbox 340 4178 499 4260; x_wconf 85' lang='lat' dir='ltr'>suffragio</span> <span class='ocrx_word' id='word_1_246' title='bbox 522 4176 727 4255; x_wconf 89' lang='lat' dir='ltr'>convalescit,</span> <span class='ocrx_word' id='word_1_247' title='bbox 750 4189 782 4240; x_wconf 89' lang='lat' dir='ltr'>et</span> <span class='ocrx_word' id='word_1_248' title='bbox 805 4176 916 4241; x_wconf 79' lang='lat' dir='ltr'>sotidae</span> <span class='ocrx_word' id='word_1_249' title='bbox 939 4178 1063 4241; x_wconf 86' lang='lat' dir='ltr'>virtutis</span> <span class='ocrx_word' id='word_1_250' title='bbox 1087 4199 1165 4240; x_wconf 89' lang='lat' dir='ltr'>usus</span> <span class='ocrx_word' id='word_1_251' title='bbox 1187 4180 1227 4242; x_wconf 90' lang='lat' dir='ltr'>ab</span> <span class='ocrx_word' id='word_1_252' title='bbox 1251 4183 1300 4245; x_wconf 93' lang='lat' dir='ltr'>in-</span> 
     </span>
     <span class='ocr_line' id='line_1_36' title="bbox 347 4279 1298 4365; baseline 0.004 -23"><span class='ocrx_word' id='word_1_253' title='bbox 347 4281 554 4365; x_wconf 86' lang='lat' dir='ltr'>temperantia</span> <span class='ocrx_word' id='word_1_254' title='bbox 569 4279 769 4342; x_wconf 83' lang='lat' dir='ltr'>desormatur.</span> <span class='ocrx_word' id='word_1_255' title='bbox 808 4279 922 4342; x_wconf 90' lang='lat' dir='ltr'>Totins</span> <span class='ocrx_word' id='word_1_256' title='bbox 939 4302 1011 4342; x_wconf 80' lang='lat' dir='ltr'>vero</span> <span class='ocrx_word' id='word_1_257' title='bbox 1033 4282 1171 4343; x_wconf 89' lang='lat' dir='ltr'>licentiae</span> <span class='ocrx_word' id='word_1_258' title='bbox 1188 4284 1298 4346; x_wconf 90' lang='lat' dir='ltr'>mode-</span> 
     </span>
    </p>
   </div>
   <div class='ocr_carea' id='block_1_4' title="bbox 0 0 1660 5309">
    <p class='ocr_par' dir='ltr' id='par_1_4' title="bbox 0 0 1660 5309">
     <span class='ocr_line' id='line_1_37' title="bbox 0 0 1660 5309; baseline 0 0"><span class='ocrx_word' id='word_1_259' title='bbox 0 0 1660 5309; x_wconf 95' lang='lat' dir='ltr'> </span> 
     </span>
    </p>
   </div>
  </div>
 </body>
</html>
