3309 5309
494 637 535 695 68
744 647 879 692 roasnrs
895 646 1174 691 ssaasasnrassrs
1309 630 1392 711 [ara.
1411 651 1448 694 Π.

495 889 576 973 Cap.
592 891 623 952 5.
652 889 787 962 Quanto
799 891 911 971 fucrit
930 888 1101 949 calamitas
1122 885 1329 962 obsessorum,
1345 892 1377 947 et
1396 887 1447 948 ob·

514 995 644 1054 atinate
657 991 789 1053 malitia
803 992 1092 1072 quissuaritfinis,
1103 995 1134 1052 at
1143 1010 1213 1069 qna
1220 989 1329 1071 pietas
1345 989 1427 1051 Tin.

538 1112 589 1174 Ar
599 1132 637 1173 ne
650 1123 709 1185 tot,
721 1124 752 1174 et
766 1122 853 1173 tanta
864 1107 1029 1172 mediocris
1041 1108 1143 1191 plagae
1152 1119 1206 1170 aut
1217 1103 1444 1192 perfunctoriae

490 1213 718 1297 indignationis
745 1213 816 1286 Dei,
844 1212 996 1274 adversus
1020 1209 1281 1297 impoenitentiam
1309 1208 1442 1272 -Judaeo-
1475 1254 1479 1262 ·

491 1337 573 1392 rurn,
589 1318 751 1398 signorum
773 1313 968 1400 praecessisse
990 1312 1158 1375 videantur
1173 1311 1302 1390 indicia,
1317 1309 1441 1373 calami.

464 1429 585 1516 'tatem
603 1413 843 1494 intolerabilem,
858 1414 1015 1478 excidium
1031 1411 1246 1499 irreparabile,
1263 1413 1440 1497 reprobatae

488 1531 519 1580 et
549 1531 717 1580 excaecatae
746 1519 852 1602 gentis
881 1514 1069 1588 inauditam,
1096 1528 1127 1577 et
1163 1513 1286 1578 cunctis
1316 1513 1439 1578 saeculis

486 1619 676 1702 incognitam
704 1619 902 1698 servitutem,
928 1617 1107 1680 succinctus
1133 1639 1235 1679 sermo
1261 1627 1437 1700 percurrat.

485 1719 622 1795 Quantis
636 1744 712 1804 ergo
728 1719 817 1783 malis
834 1734 908 1784 tunc
930 1721 1077 1782 universa
1092 1715 1267 1781 multitudo
1283 1729 1369 1781 tacta
1385 1718 1436 1794 sit,

486 1835 585 1907 utque
601 1822 669 1909 ipsa
681 1823 701 1883 J
707 1821 808 1886 udaaae
824 1833 910 1884 terra
924 1819 1019 1896 bello,
1032 1821 1125 1894 fame,
1142 1819 1219 1904 igni,
1232 1817 1439 1904 caedibusque

484 1935 606 1989 vastata
632 1926 684 2002 sit,
710 1937 830 2008 quauta
855 1921 1047 2009 populorum
1074 1921 1182 1997 millia,
1210 1935 1317 2006 patres
1342 1921 1437 1985 simul

483 2049 555 2090 cum
579 2027 780 2112 conjugibus,
795 2049 832 2088 ac
853 2024 993 2110 parvulis
1013 2025 1132 2103 liberis,
1147 2024 1270 2109 absque
1290 2046 1436 2103 numero,

482 2144 513 2191 et
541 2129 662 2213 absque
684 2126 872 2191 discretione
896 2126 1046 2191 trucidati
1071 2127 1144 2202 sint,
1169 2149 1241 2212 quae
1263 2126 1359 2191 etiam
1386 2128 1433 2192 di·

481 2252 641 2293 versarum
661 2229 787 2293 urbium
809 2229 999 2304 obsidiones,
1015 2228 1068 2292 sed
1089 2244 1120 2295 et
1141 2229 1241 2314 ipsius
1257 2221 1433 2314 magnificae

480 2345 511 2395 et
528 2330 745 2395 famosissima
766 2331 903 2395 civitatis
926 2331 1125 2395 Hierusalem
1148 2344 1267 2418 quanta
1288 2332 1430 2408 vastitas,

480 2447 512 2498 et
534 2446 653 2518 quanta
680 2433 776 2498 fuerit
803 2433 999 2500 diversarum
1027 2434 1176 2499 mortium
1203 2448 1335 2519 strages,
1360 2436 1431 2523 quis

478 2559 535 2621 per
558 2535 626 2598 haec
644 2535 770 2620 singula
792 2535 947 2599 bellorum
970 2535 1112 2599 extiterit
1135 2536 1259 2616 modus,
1274 2549 1306 2601 et
1328 2549 1365 2602 ut
1384 2561 1430 2603 se-

476 2639 615 2704 cundum
647 2638 691 2715 id,
723 2637 809 2725 qnod
846 2642 1011 2724 propbetae
1048 2638 1206 2716 dixerant,
1236 2641 1431 2709 abominatio

473 2741 674 2806 desolationis
691 2741 807 2833 inipso
823 2742 984 2825 quondam
1002 2741 1062 2805 Dei
1083 2742 1293 2807 famosissimo
1308 2745 1424 2810 collata

474 2844 514 2908 sit
530 2843 659 2930 templo,
675 2858 775 2929 utque
791 2842 830 2906 ad
853 2843 1000 2907 ultimum
1022 2857 1137 2909 cuncta
1152 2845 1234 2928 ignis
1249 2847 1425 2931 populatus

475 2945 526 3020 sit,
554 2958 585 3009 et
611 2944 737 3008 flamma
761 2946 1006 3032 consumpserit,
1034 2949 1058 3010 si
1085 2946 1159 3031 quis
1184 2947 1310 3031 plenius
1336 2970 1429 3014 nosse

472 3048 554 3129 vult,
568 3047 730 3112 historiam
747 3048 881 3134 Josephi
898 3048 1027 3133 relegat.
1073 3052 1142 3112 Nos
1161 3071 1237 3112 vero
1259 3073 1299 3115 ex
1320 3051 1371 3115 his
1390 3074 1427 3116 ea

472 3163 609 3227 tantum,
631 3174 704 3237 quae
727 3150 767 3214 ad
791 3150 1045 3236 explanationem
1070 3150 1207 3236 suscepti
1231 3152 1339 3238 operis
1359 3153 1425 3217 suf·

471 3253 593 3329 ficiunt,
609 3276 825 3317 assumemus:
851 3251 881 3315 in
904 3252 1024 3337 quibus
1044 3253 1151 3330 refert,
1167 3253 1255 3337 quod
1276 3277 1317 3319 ex
1336 3255 1432 3341 omni·

470 3355 589 3417 Judaea
604 3353 726 3438 populi,
741 3355 773 3416 in
789 3354 841 3417 die
857 3354 986 3418 solemni
1005 3353 1135 3418 Paschae
1153 3354 1423 3442 Hierosolymam,

472 3453 560 3518 velut
589 3453 709 3516 exitiali
738 3454 877 3538 quadam
908 3479 1004 3519 manu
1031 3470 1174 3540 cogente,
1199 3473 1422 3525 convenerant.

470 3556 558 3632 Quos
584 3556 689 3618 tricies
718 3569 849 3618 centena
879 3557 977 3620 millia
1008 3558 1085 3623 dicit
1115 3559 1279 3624 hominum
1309 3560 1420 3639 fuisse,

463 3653 554 3737 justo
570 3652 686 3716 scilicet
706 3651 765 3716 Dei
777 3653 913 3736 judicio,
929 3667 1070 3740 tempore
1086 3658 1145 3721 boc
1163 3658 1291 3722 ultionis
1306 3660 1420 3740 electo,

467 3765 505 3816 ut
534 3753 621 3838 quod
650 3756 682 3817 in
713 3754 827 3818 diebus
862 3755 991 3820 Pascbae
1026 3757 1214 3824 salvatorem
1249 3759 1418 3826 Christum

467 3856 607 3929 Domini,
624 3855 763 3918 cruentis
787 3855 943 3936 manibus,
958 3870 989 3921 et
1013 3859 1174 3944 sacrilegis
1199 3861 1330 3926 vocibus
1352 3865 1427 3931 vio,

464 3955 583 4030 larunt,
599 3956 630 4018 in
645 3955 722 4040 ipsis
738 3956 851 4019 diebus
868 3957 954 4021 velut
970 3957 1001 4021 in
1019 3982 1117 4023 unum
1135 3985 1302 4040 carcerem,
1314 3965 1419 4032 omnis

463 4057 640 4122 multitudo
660 4056 817 4132 conclusa,
834 4058 940 4120 feralis
956 4082 1058 4142 poenae
1079 4063 1226 4140 exitium,
1242 4067 1332 4149 quod
1352 4089 1419 4131 me·

461 4162 602 4240 rebatur,
625 4161 795 4245 exciperet.
842 4161 1018 4224 Praeteribo
1041 4186 1113 4227 sane
1137 4189 1211 4250 quae
1234 4167 1265 4229 in
1286 4191 1342 4231 eos
1365 4169 1415 4233 vel

456 4263 555 4348 gladii
586 4261 684 4344 caede,
716 4260 764 4323 vel
796 4260 866 4324 aliis
895 4261 968 4325 belli
1002 4265 1154 4328 machinis
1180 4267 1295 4333 collata
1325 4283 1414 4348 suut,
