3309 5309
345 689 415 734 car.
430 669 553 750 xxvu]
695 686 951 733 marceamus,
1240 677 1299 737 137

344 863 463 906 casum.
509 838 613 906 Patris
633 861 763 924 qnoque
787 838 956 924 parricidae
982 838 1173 903 desiderium
1197 841 1298 905 adim-

345 942 463 1028 pletur,
487 940 564 1005 dum
588 941 702 1005 fratres
724 940 826 1027 impii,
850 941 971 1026 quibus
997 941 1187 1027 imprecatus
1208 956 1299 1028 opta-

346 1057 448 1121 verat,
472 1059 508 1108 nt
534 1044 618 1107 ferro
641 1042 767 1127 generis
788 1043 946 1107 consortia
969 1044 1153 1118 dissilirent,
1177 1044 1298 1108 mutuis

347 1144 535 1208 vulneribus
550 1156 696 1231 pereunt,
712 1156 744 1208 et
760 1143 889 1207 alternis
908 1143 1023 1226 gladiis
1044 1157 1300 1229 prosternuntur.

348 1249 479 1325 Croesus
501 1246 639 1310 maxima
662 1268 769 1330 regna,
793 1244 818 1308 si
841 1244 950 1329 Halyn
971 1244 1235 1329 transgrediatur,
1259 1246 1300 1310 de

347 1350 546 1415 oraculorum
559 1349 622 1412 lide
636 1349 696 1413 sibi
708 1349 888 1434 subjectum
900 1347 939 1412 iri
951 1347 1093 1414 confidit.
1125 1348 1186 1412 Sed
1198 1373 1298 1435 quum
1318 1366 1320 1371 ’

347 1477 398 1518 res
427 1453 459 1517 in
488 1454 682 1518 contrarium
709 1451 848 1527 cesserit,
874 1451 972 1515 fallax
1000 1451 1119 1537 Apollo
1146 1475 1177 1516 se
1208 1453 1302 1519 unius

349 1554 473 1619 verbuli
490 1554 753 1641 aequivocatione,
769 1552 904 1618 absolvit
920 1554 961 1616 ab
976 1552 1097 1616 invidia
1117 1556 1300 1622 mentiendi.

349 1655 434 1733 Quid
458 1656 626 1741 Pyrrhus?
665 1655 820 1721 Romanis
844 1655 948 1730 victis,
971 1676 1054 1739 quos
1076 1678 1159 1740 saepe
1180 1655 1213 1718 in
1236 1656 1302 1720 acie

347 1758 469 1824 virtute
483 1757 623 1835 fuderat,
638 1758 792 1823 beneficio
813 1756 930 1822 Phoebi
951 1756 1012 1821 sibi
1032 1756 1190 1842 promittit
1205 1757 1304 1843 impe

348 1861 445 1937 rium,
469 1860 524 1924 sed
546 1859 795 1947 irreparabiliter
813 1871 944 1938 stratus,
963 1858 996 1922 in
1014 1858 1152 1944 seipsum
1175 1860 1303 1925 retorsit

351 1961 490 2048 culpam,
514 1961 571 2049 qui
601 1961 872 2048 amphibologiam
898 1959 1019 2024 oraculi
1049 1961 1153 2026 minus
1183 1961 1305 2026 utiliter

350 2064 517 2129 intellexit.
556 2064 611 2128 Ad
627 2064 766 2129 notiores
782 2076 960 2129 transeatur
974 2063 1132 2128 historias.
1178 2067 1303 2151 Appius

352 2188 450 2251 quum
465 2166 558 2230 unica
573 2179 605 2230 et
622 2165 789 2249 singularis
803 2165 904 2229 civilis
919 2164 995 2229 belli
1010 2178 1181 2251 tempestas
1195 2166 1302 2230 orbem

350 2281 543 2348 concuteret,
558 2267 693 2333 docente
716 2267 840 2331 Phoebo
854 2270 886 2332 in
903 2267 972 2330 sinu
997 2267 1143 2332 Euboico
1162 2267 1303 2354 quietem

352 2371 479 2455 quaerit,
488 2383 520 2434 et
536 2383 668 2434 mortem
683 2369 812 2435 invenit.
846 2368 1020 2434 Oraeulum
1031 2369 1162 2455 quidem
1175 2383 1304 2437 auctore

352 2471 486 2536 Lucano
500 2471 622 2536 celebre
636 2481 701 2536 est:

491 2598 594 2667 Effugis
605 2600 726 2666 ingentes
738 2599 804 2651 tanti
817 2599 972 2651 discriminis
984 2617 1077 2670 expers

491 2684 633 2749 Bellorum,
648 2685 774 2749 Romane,
787 2686 879 2748 minas,
891 2684 1012 2754 solusque
1024 2685 1137 2754 quietem

492 2770 602 2823 Euboici
613 2769 703 2823 lateris
714 2770 803 2822 media
814 2769 929 2822 convalle
940 2771 1050 2822 tenebis.

354 2881 415 2945 Sed
432 2904 472 2944 ne
486 2881 635 2946 falsitatis
656 2894 733 2947 nota
755 2882 788 2944 in
810 2882 958 2946 historias
978 2904 1041 2944 non
1057 2878 1184 2946 oracula
1198 2881 1306 2945 reiun-

351 2983 461 3060 datur‚
491 2983 652 3059 canonica,
677 2996 710 3048 et
740 2982 791 3047 oui
821 2984 901 3049 tides
925 2983 1093 3047 incolumis
1122 2983 1304 3068 acquiescit,

350 3085 545 3151 discutiatur
574 3084 714 3148 historia.
770 3086 846 3150 Saul
872 3090 904 3149 in
932 3099 1103 3170 tyrannum
1131 3107 1239 3150 versus
1264 3109 1305 3150 ex

350 3182 617 3272 principe‚quum
627 3185 831 3269 exigentibus
842 3186 945 3271 culpis
954 3184 1210 3250 essetaDomino
1219 3184 1307 3250 dere-

351 3287 459 3365 lictus,
477 3300 509 3351 et
525 3287 678 3351 adversus
693 3291 849 3373 populum
866 3287 1008 3369 Domini,
1023 3312 1061 3352 eo
1075 3287 1158 3352 duce
1172 3286 1304 3351 invales-

353 3403 438 3455 ceret
465 3411 578 3453 manua
604 3388 737 3469 hostilis,
764 3388 907 3454 solicitus
931 3388 1039 3452 fractis
1063 3389 1160 3454 rebus
1182 3388 1304 3454 exitum

354 3492 548 3579 inquirebat.
595 3491 766 3556 Consuluit
793 3515 870 3577 ergo
897 3491 1083 3572 Dominum,
1109 3506 1141 3557 et
1167 3515 1231 3556 non
1255 3515 1304 3556 re·

351 3593 483 3681 spondit
504 3597 545 3669 ei,
567 3617 670 3675 neque
691 3617 749 3681 per
769 3593 901 3669 somnia,
918 3615 1022 3679 neque
1040 3617 1098 3681 per
1117 3594 1305 3673 sacerdotes,

323 3747 327 3758 .
354 3719 459 3782 neque
479 3719 537 3782 per
553 3697 736 3783 prophetas.
783 3698 858 3760 Hoc
879 3709 983 3761 tamen
999 3697 1028 3759 ei
1043 3708 1117 3761 ante
1136 3696 1306 3763 denuncia-

355 3811 444 3863 verat
465 3798 605 3873 Samuel,
621 3798 699 3884 quia
719 3799 895 3862 Dominum
917 3798 1104 3884 poenitebat,
1120 3799 1207 3885 quod
1231 3822 1305 3862 eum

354 3902 561 3966 constituerat
581 3924 700 3985 regern,
715 3925 752 3965 eo
775 3902 863 3987 quod
887 3924 948 3964 non
969 3900 1156 3987 impleverat
1172 3903 1305 3966 verbum

356 4003 498 4083 Domini,
509 4002 662 4067 suadente
673 4004 816 4083 avaritia,
829 4026 961 4089 parcens
973 4005 1071 4089 Agag
1085 4005 1152 4089 regi
1165 4003 1307 4089 pinguis·

356 4104 446 4178 simo,
469 4114 501 4166 et
523 4100 638 4185 opimis
662 4101 815 4186 gregibus
840 4102 945 4167 ovium
971 4115 1003 4166 et
1025 4116 1251 4173 armentorum,
1275 4114 1306 4162 et

355 4203 509 4279 vestibus,
525 4215 557 4266 et
572 4201 734 4283 arietibus,
749 4215 781 4267 et
799 4202 964 4281 universis,
979 4224 1053 4286 quae
1068 4200 1201 4285 pulchra
1217 4212 1307 4262 erant

354 4308 385 4369 in
398 4302 497 4369 oculis
509 4301 628 4388 populi.
659 4302 821 4388 Quicquid
836 4324 910 4366 vero
923 4303 984 4365 vile
994 4303 1067 4377 fuit,
1080 4315 1110 4366 et
1124 4300 1309 4385 reprobum,
