3309 5309
461 668 521 728 108
713 682 851 727 Joaurus
868 681 1143 727 saaassamsusm
1274 668 1359 742 [ata.
1376 683 1414 728 11.

460 919 540 1004 Cap.
556 925 607 982 al.
630 920 684 983 An
699 923 823 1001 possint
845 941 866 980 o
881 919 951 982 Deo
966 919 1042 980 sciri
1063 938 1132 998 quoe
1149 939 1216 981 non
1238 921 1413 992 scientum

500 1027 531 1083 et
552 1023 638 1101 qnod
658 1041 765 1084 rerum
788 1021 990 1082 mutabilitas
1011 1023 1042 1082 ei
1065 1039 1266 1100 nequaquam
1289 1027 1337 1084 est
1360 1022 1417 1082 in·

484 1123 661 1204 stigendm·
692 1131 721 1184 et
745 1123 829 1202 quod
849 1122 930 1183 Mem
953 1131 998 1183 ast
1022 1123 1169 1195 scientio,
1187 1121 1412 1202 prescientia,

498 1224 671 1305 dispositio,
693 1223 906 1305 providentio,
928 1229 960 1285 et
983 1222 1244 1304 preciositatis,-
1268 1229 1299 1285 et
1328 1223 1414 1303 quod

498 1347 573 1388 uero
595 1324 729 1404 infinito
750 1331 840 1399 sunt,
863 1331 901 1387 at
921 1344 1073 1386 numeros
1094 1345 1204 1386 eorum
1225 1344 1293 1386 non
1314 1328 1414 1404 queat

498 1427 613 1508 nuperi
626 1428 676 1488 oet
690 1428 815 1497 miuui‚·
839 1435 869 1488 et
886 1425 970 1506 quod
986 1426 1191 1506 providentio
1207 1427 1335 1487 nullom
1356 1443 1412 1486 no·

498 1532 671 1592 cessitatem
685 1529 779 1591 rebus
793 1529 930 1591 inducit.

499 1650 566 1712 San
581 1670 646 1710 esse
664 1648 731 1732 jam
752 1645 883 1711 alterius
904 1644 1101 1710 difficultatis
1121 1654 1325 1709 succrescunt
1340 1665 1408 1707 cor·

455 1772 528 1826 nua,
555 1763 587 1815 et
611 1771 806 1834 quocunque
835 1772 884 1811 me
909 1760 1044 1829 vertam,
1070 1748 1103 1811 in
1134 1769 1270 1810 errorem
1299 1745 1410 1808 videor

454 1850 624 1915 involutus.
672 1850 704 1914 Si
727 1854 810 1915 enim
835 1870 909 1934 quoe
931 1871 994 1912 non
1019 1861 1106 1924 sunt,
1129 1870 1186 1911 nec
1212 1859 1319 1922 erunt,
1342 1869 1409 1910 esse

456 1965 600 2037 possunt,
617 1952 760 2036 profecto
779 1966 811 2014 et
835 1955 927 2016 Deus
943 1964 1047 2037 potest
1063 1952 1142 2015 scire
1156 1950 1244 2036 quod
1260 1971 1323 2012 non
1340 1947 1410 2024 scit,

455 2065 512 2116 aut
541 2075 578 2114 eo
607 2052 772 2136 ignorante
802 2066 907 2137 potest
938 2053 1061 2138 aliquid
1091 2052 1225 2116 evenire.
1281 2049 1407 2114 Bellum

454 2174 592 2236 namque
609 2153 720 2216 navale
741 2153 826 2237 quod
849 2177 911 2217 uon
933 2154 1003 2229 erit,
1019 2156 1098 2218 sicut
1120 2167 1152 2218 et
1172 2153 1252 2239 geri,
1269 2152 1314 2215 sio
1334 2165 1367 2216 et
1389 2173 1409 2214 a

453 2252 639 2336 gerentibus
654 2251 724 2314 sciri
740 2265 854 2336 potest.
900 2254 995 2330 Quod
1016 2254 1128 2340 utique
1148 2267 1180 2318 et
1201 2275 1269 2317 esse
1288 2265 1321 2317 et
1337 2251 1409 2316 sciri

455 2364 560 2440 potest
581 2354 622 2418 ab
645 2354 783 2430 homine,
798 2355 956 2440 numquid
979 2355 1049 2419 sciri
1071 2379 1089 2419 a
1111 2359 1181 2420 Deo
1199 2377 1260 2418 nou
1277 2357 1407 2439 potest?

456 2456 490 2519 Si
504 2477 581 2540 ergo
596 2467 701 2541 potest
714 2459 802 2519 Deus
815 2457 893 2519 scire
907 2456 996 2541 quod
1009 2479 1070 2520 non
1087 2457 1157 2535 scit,
1171 2467 1275 2543 potest
1291 2458 1407 2541 utique

453 2569 484 2621 et
501 2580 562 2621 non
579 2559 657 2621 scire
673 2557 760 2643 quod
776 2559 849 2635 scit,
862 2582 899 2621 eo
910 2559 996 2642 quod
1012 2560 1295 2644 contrajacentium
1312 2556 1407 2622 simul

454 2660 540 2726 nulla
551 2661 647 2746 possit
661 2682 727 2722 esse
737 2660 877 2739 scientia,
888 2683 988 2744 quum
998 2660 1133 2724 alterurn
1149 2683 1260 2723 eorum
1272 2681 1406 2744 semper,

453 2763 592 2847 eoquod
609 2761 751 2825 veritatis
771 2762 950 2827 substantia
970 2777 1085 2838 careat,
1102 2762 1142 2826 sit
1157 2762 1334 2826 obnoxium
1349 2759 1406 2824 fal-

453 2863 551 2928 sitati.
596 2866 696 2928 Porro
711 2863 945 2926 mendaciorum
962 2865 1051 2929 nulla
1066 2879 1112 2928 est
1135 2863 1274 2929 scientia.
1320 2863 1407 2939 Quo-

452 2965 547 3030 modo
562 2987 638 3050 ergo
650 2964 779 3028 scientia
789 2964 999 3028 immutabilis
1010 2978 1069 3042 est,
1081 2965 1132 3028 cui
1143 2965 1289 3029 decessus
1299 2986 1403 3028 rerum

452 3081 556 3153 potest
580 3067 647 3131 fieri
674 3081 704 3131 et
733 3089 888 3143 accessus,
912 3091 986 3151 quae
1012 3079 1116 3152 potest
1143 3071 1290 3152 ignorare
1317 3065 1405 3151 quod

452 3191 516 3232 non
533 3171 603 3248 scit,
617 3180 673 3232 aut
695 3168 773 3231 scire
794 3168 881 3253 quod
907 3167 1028 3231 nescit?
1067 3167 1161 3244 Quod
1183 3168 1209 3230 si
1231 3187 1301 3229 eam
1323 3165 1404 3229 vari-

452 3271 566 3335 abilem
582 3293 648 3334 esse
666 3270 845 3354 recipimus,
862 3271 885 3332 J
887 3270 986 3333 acobo
1009 3269 1209 3344 reclamante,
1225 3267 1295 3353 jam
1315 3266 1402 3353 apud

451 3395 522 3437 eum
539 3384 586 3435 est
601 3371 744 3452 variatio,
755 3384 787 3435 et
802 3371 1028 3436 vicissitudinis
1039 3371 1255 3447 obumbratio,
1268 3383 1300 3435 et
1312 3380 1403 3456 pater

452 3474 608 3538 luminum
620 3494 687 3535 esse
698 3472 832 3550 desistit,
843 3473 867 3536 si
880 3475 1018 3538 elabitur
1029 3473 1116 3559 quod
1129 3473 1298 3558 praenovit.
1331 3472 1403 3534 Hoc

451 3574 600 3659 equidem
623 3596 680 3638 nec
699 3574 867 3658 gentilium
889 3596 976 3638 error
995 3576 1078 3637 circa
1098 3596 1156 3637 sua
1176 3596 1238 3636 non
1260 3587 1325 3638 tam
1346 3592 1402 3636 nu-

451 3678 545 3751 mina,
562 3699 657 3761 quarn
673 3676 830 3739 daemonia
850 3676 1045 3759 dignabatur
1060 3675 1241 3756 admittere,
1256 3673 1314 3759 qui
1331 3677 1403 3760 sty-

450 3781 535 3867 giam
551 3777 698 3861 paludem
722 3777 792 3841 Diis
813 3779 955 3862 perviam
976 3800 1043 3843 esse
1063 3778 1234 3863 negabant,
1249 3776 1402 3852 dicentes,

450 3905 519 3947 eam
540 3878 686 3942 omnibus
707 3878 931 3956 venerandam,
952 3893 984 3943 et
1006 3900 1236 3965 usquequaque
1258 3877 1401 3941 illicitam

448 4009 468 4049 a
489 3979 670 4048 coelestibns
693 3979 858 4065 praeteriri.
903 3984 1029 4044 Mentes
1051 4003 1190 4066 namque
1212 3978 1402 4056 coelestium,

448 4086 567 4175 oblivio
587 4107 649 4148 non
674 4083 839 4166 contingit.
886 4084 1043 4169 Nunqnid
1065 4107 1141 4169 ergo
1160 4084 1240 4148 fides
1260 4083 1402 4170 recipiet,

449 4189 534 4274 quod
560 4188 600 4252 de
628 4190 698 4250 Deo
726 4184 775 4247 vel
800 4184 872 4270 ipsa
893 4185 1026 4269 perfidia
1052 4186 1225 4250 abhorret?
1264 4187 1401 4250 Constat

448 4303 554 4355 autem
581 4288 667 4374 apud
694 4308 813 4365 omnes,
840 4289 915 4373 quia
941 4290 1027 4352 Deus
1053 4287 1111 4350 scit
1136 4286 1215 4351 illud
1242 4309 1307 4350 non
1331 4307 1400 4353 esse
