<?xml version="1.0" encoding="UTF-8"?>
<!DOCTYPE html PUBLIC "-//W3C//DTD XHTML 1.0 Transitional//EN"
    "http://www.w3.org/TR/xhtml1/DTD/xhtml1-transitional.dtd">
<html xmlns="http://www.w3.org/1999/xhtml" xml:lang="en" lang="en">
 <head>
  <title>
</title>
<meta http-equiv="Content-Type" content="text/html;charset=utf-8" />
  <meta name='ocr-system' content='tesseract 3.04.00' />
  <meta name='ocr-capabilities' content='ocr_page ocr_carea ocr_par ocr_line ocrx_word'/>
</head>
<body>
  <div class='ocr_page' id='page_1' title='image "./joannissaresber04johngoog_0314.png"; bbox 0 0 3309 5309; ppageno 0'>
   <div class='ocr_carea' id='block_1_1' title="bbox 356 667 1310 747">
    <p class='ocr_par' dir='ltr' id='par_1_1' title="bbox 356 667 1310 747">
     <span class='ocr_line' id='line_1_1' title="bbox 356 667 1310 747; baseline -0.009 -8"><span class='ocrx_word' id='word_1_1' title='bbox 356 680 419 739; x_wconf 79' lang='lat'><strong>298</strong></span> <span class='ocrx_word' id='word_1_2' title='bbox 619 692 755 738; x_wconf 73' lang='lat' dir='ltr'><strong>ioannis</strong></span> <span class='ocrx_word' id='word_1_3' title='bbox 771 689 1047 737; x_wconf 74' lang='lat' dir='ltr'><strong>suamneninuns</strong></span> <span class='ocrx_word' id='word_1_4' title='bbox 1181 667 1264 747; x_wconf 80' lang='lat' dir='ltr'><strong>[arn.</strong></span> <span class='ocrx_word' id='word_1_5' title='bbox 1279 687 1310 730; x_wconf 92' lang='lat' dir='ltr'><strong>v.</strong></span> 
     </span>
    </p>
   </div>
   <div class='ocr_carea' id='block_1_2' title="bbox 346 836 1309 4195">
    <p class='ocr_par' dir='ltr' id='par_1_2' title="bbox 346 836 1309 4195">
     <span class='ocr_line' id='line_1_2' title="bbox 356 836 1308 926; baseline -0.006 -20"><span class='ocrx_word' id='word_1_6' title='bbox 356 842 481 918; x_wconf 91' lang='lat' dir='ltr'><strong>cedere,</strong></span> <span class='ocrx_word' id='word_1_7' title='bbox 507 841 584 906; x_wconf 94' lang='lat' dir='ltr'><strong>dum</strong></span> <span class='ocrx_word' id='word_1_8' title='bbox 609 839 712 926; x_wconf 81' lang='lat' dir='ltr'><strong>gratia</strong></span> <span class='ocrx_word' id='word_1_9' title='bbox 736 839 861 926; x_wconf 89' lang='lat' dir='ltr'><strong>proficit</strong></span> <span class='ocrx_word' id='word_1_10' title='bbox 884 839 925 905; x_wconf 91' lang='lat' dir='ltr'><strong>ad</strong></span> <span class='ocrx_word' id='word_1_11' title='bbox 947 839 1116 911; x_wconf 83' lang='lat' dir='ltr'><strong>virtutem3</strong></span> <span class='ocrx_word' id='word_1_12' title='bbox 1142 836 1220 924; x_wconf 93' lang='lat' dir='ltr'><strong>quia</strong></span> <span class='ocrx_word' id='word_1_13' title='bbox 1239 837 1308 921; x_wconf 90' lang='lat' dir='ltr'><strong>jam</strong></span> 
     </span>
     <span class='ocr_line' id='line_1_3' title="bbox 356 940 1308 1030; baseline -0.002 -22"><span class='ocrx_word' id='word_1_14' title='bbox 356 966 420 1009; x_wconf 93' lang='lat' dir='ltr'><strong>non</strong></span> <span class='ocrx_word' id='word_1_15' title='bbox 435 943 529 1009; x_wconf 93' lang='lat' dir='ltr'><strong>timet</strong></span> <span class='ocrx_word' id='word_1_16' title='bbox 542 943 708 1019; x_wconf 79' lang='lat' dir='ltr'>serviliter,</span> <span class='ocrx_word' id='word_1_17' title='bbox 723 942 779 1030; x_wconf 92' lang='lat' dir='ltr'><strong>qui</strong></span> <span class='ocrx_word' id='word_1_18' title='bbox 793 941 883 1008; x_wconf 90' lang='lat' dir='ltr'><strong>filiali</strong></span> <span class='ocrx_word' id='word_1_19' title='bbox 898 941 1014 1007; x_wconf 86' lang='lat' dir='ltr'><strong>affectu</strong></span> <span class='ocrx_word' id='word_1_20' title='bbox 1028 940 1070 1005; x_wconf 91' lang='lat' dir='ltr'><strong>ad</strong></span> <span class='ocrx_word' id='word_1_21' title='bbox 1085 940 1308 1014; x_wconf 87' lang='lat' dir='ltr'><strong>reverentiam,</strong></span> 
     </span>
     <span class='ocr_line' id='line_1_4' title="bbox 355 1042 1305 1132; baseline -0.003 -22"><span class='ocrx_word' id='word_1_22' title='bbox 355 1059 389 1110; x_wconf 95' lang='lat' dir='ltr'><strong>et</strong></span> <span class='ocrx_word' id='word_1_23' title='bbox 403 1045 488 1111; x_wconf 92' lang='lat' dir='ltr'><strong>bona</strong></span> <span class='ocrx_word' id='word_1_24' title='bbox 501 1067 598 1132; x_wconf 89' lang='lat' dir='ltr'><strong>opera</strong></span> <span class='ocrx_word' id='word_1_25' title='bbox 615 1045 776 1111; x_wconf 86' lang='lat' dir='ltr'><strong>incitatur.</strong></span> <span class='ocrx_word' id='word_1_26' title='bbox 823 1047 968 1131; x_wconf 78' lang='lat' dir='ltr'><strong>Semper,</strong></span> <span class='ocrx_word' id='word_1_27' title='bbox 983 1042 1089 1131; x_wconf 93' lang='lat' dir='ltr'><strong>inquit</strong></span> <span class='ocrx_word' id='word_1_28' title='bbox 1103 1042 1219 1108; x_wconf 90' lang='lat' dir='ltr'><strong>beatus</strong></span> <span class='ocrx_word' id='word_1_29' title='bbox 1232 1042 1305 1119; x_wconf 89' lang='lat' dir='ltr'><strong>Job,</strong></span> 
     </span>
     <span class='ocr_line' id='line_1_5' title="bbox 354 1147 1309 1236; baseline -0.004 -22"><span class='ocrx_word' id='word_1_30' title='bbox 354 1149 445 1236; x_wconf 84' lang='lat' dir='ltr'>quasi</span> <span class='ocrx_word' id='word_1_31' title='bbox 459 1160 621 1215; x_wconf 73' lang='lat' dir='ltr'><strong>tumentes</strong></span> <span class='ocrx_word' id='word_1_32' title='bbox 634 1148 750 1214; x_wconf 86' lang='lat' dir='ltr'><strong>fluctus</strong></span> <span class='ocrx_word' id='word_1_33' title='bbox 763 1169 859 1235; x_wconf 87' lang='lat' dir='ltr'><strong>super</strong></span> <span class='ocrx_word' id='word_1_34' title='bbox 872 1170 924 1213; x_wconf 90' lang='lat' dir='ltr'><strong>me</strong></span> <span class='ocrx_word' id='word_1_35' title='bbox 940 1147 1033 1213; x_wconf 90' lang='lat' dir='ltr'><strong>timui</strong></span> <span class='ocrx_word' id='word_1_36' title='bbox 1050 1147 1171 1225; x_wconf 89' lang='lat' dir='ltr'><strong>Deum,</strong></span> <span class='ocrx_word' id='word_1_37' title='bbox 1183 1156 1217 1211; x_wconf 90' lang='lat' dir='ltr'><strong>et</strong></span> <span class='ocrx_word' id='word_1_38' title='bbox 1231 1167 1309 1232; x_wconf 94' lang='lat' dir='ltr'><strong>pon-</strong></span> 
     </span>
     <span class='ocr_line' id='line_1_6' title="bbox 354 1247 1308 1338; baseline -0.002 -23"><span class='ocrx_word' id='word_1_39' title='bbox 354 1250 415 1315; x_wconf 87' lang='lat' dir='ltr'><strong>dus</strong></span> <span class='ocrx_word' id='word_1_40' title='bbox 429 1250 498 1336; x_wconf 84' lang='lat' dir='ltr'><strong>ejus</strong></span> <span class='ocrx_word' id='word_1_41' title='bbox 512 1252 594 1315; x_wconf 84' lang='lat' dir='ltr'><strong>ferre</strong></span> <span class='ocrx_word' id='word_1_42' title='bbox 614 1272 679 1316; x_wconf 90' lang='lat' dir='ltr'><strong>non</strong></span> <span class='ocrx_word' id='word_1_43' title='bbox 702 1249 802 1335; x_wconf 88' lang='lat' dir='ltr'><strong>potui.</strong></span> <span class='ocrx_word' id='word_1_44' title='bbox 850 1249 973 1338; x_wconf 83' lang='lat' dir='ltr'>Utique</span> <span class='ocrx_word' id='word_1_45' title='bbox 988 1271 1022 1314; x_wconf 92' lang='lat' dir='ltr'><strong>se</strong></span> <span class='ocrx_word' id='word_1_46' title='bbox 1037 1271 1101 1313; x_wconf 92' lang='lat' dir='ltr'><strong>non</strong></span> <span class='ocrx_word' id='word_1_47' title='bbox 1116 1247 1308 1336; x_wconf 91' lang='lat' dir='ltr'><strong>quandoque</strong></span> 
     </span>
     <span class='ocr_line' id='line_1_7' title="bbox 355 1351 1308 1439; baseline -0.003 -21"><span class='ocrx_word' id='word_1_48' title='bbox 355 1352 434 1418; x_wconf 93' lang='lat' dir='ltr'><strong>dicit</strong></span> <span class='ocrx_word' id='word_1_49' title='bbox 457 1353 610 1432; x_wconf 81' lang='lat' dir='ltr'>timuisse,</span> <span class='ocrx_word' id='word_1_50' title='bbox 637 1353 694 1419; x_wconf 91' lang='lat' dir='ltr'><strong>sed</strong></span> <span class='ocrx_word' id='word_1_51' title='bbox 719 1374 856 1439; x_wconf 90' lang='lat' dir='ltr'><strong>semper,</strong></span> <span class='ocrx_word' id='word_1_52' title='bbox 880 1366 915 1419; x_wconf 93' lang='lat' dir='ltr'><strong>et</strong></span> <span class='ocrx_word' id='word_1_53' title='bbox 938 1375 1013 1419; x_wconf 91' lang='lat' dir='ltr'><strong>eum</strong></span> <span class='ocrx_word' id='word_1_54' title='bbox 1039 1351 1218 1439; x_wconf 85' lang='lat' dir='ltr'><strong>perfectum</strong></span> <span class='ocrx_word' id='word_1_55' title='bbox 1241 1373 1308 1416; x_wconf 91' lang='lat' dir='ltr'><strong>esse</strong></span> 
     </span>
     <span class='ocr_line' id='line_1_8' title="bbox 354 1452 1308 1542; baseline -0.003 -23"><span class='ocrx_word' id='word_1_56' title='bbox 354 1477 418 1521; x_wconf 91' lang='lat' dir='ltr'><strong>non</strong></span> <span class='ocrx_word' id='word_1_57' title='bbox 433 1454 571 1533; x_wconf 91' lang='lat' dir='ltr'><strong>dubitas,</strong></span> <span class='ocrx_word' id='word_1_58' title='bbox 587 1456 639 1521; x_wconf 95' lang='lat' dir='ltr'><strong>cui</strong></span> <span class='ocrx_word' id='word_1_59' title='bbox 652 1455 751 1542; x_wconf 85' lang='lat' dir='ltr'><strong>ipsius</strong></span> <span class='ocrx_word' id='word_1_60' title='bbox 771 1455 904 1520; x_wconf 88' lang='lat' dir='ltr'>Domini</span> <span class='ocrx_word' id='word_1_61' title='bbox 926 1454 1119 1532; x_wconf 86' lang='lat' dir='ltr'><strong>testimonio,</strong></span> <span class='ocrx_word' id='word_1_62' title='bbox 1135 1453 1184 1519; x_wconf 87' lang='lat' dir='ltr'><strong>vir</strong></span> <span class='ocrx_word' id='word_1_63' title='bbox 1198 1452 1308 1519; x_wconf 85' lang='lat' dir='ltr'><strong>similis</strong></span> 
     </span>
     <span class='ocr_line' id='line_1_9' title="bbox 353 1556 1305 1644; baseline -0.003 -23"><span class='ocrx_word' id='word_1_64' title='bbox 353 1579 417 1622; x_wconf 93' lang='lat' dir='ltr'><strong>non</strong></span> <span class='ocrx_word' id='word_1_65' title='bbox 432 1559 548 1624; x_wconf 89' lang='lat' dir='ltr'><strong>eratin</strong></span> <span class='ocrx_word' id='word_1_66' title='bbox 564 1570 658 1626; x_wconf 86' lang='lat' dir='ltr'><strong>terra.</strong></span> <span class='ocrx_word' id='word_1_67' title='bbox 696 1557 767 1623; x_wconf 92' lang='lat' dir='ltr'><strong>Nec</strong></span> <span class='ocrx_word' id='word_1_68' title='bbox 785 1579 860 1623; x_wconf 91' lang='lat' dir='ltr'><strong>eum</strong></span> <span class='ocrx_word' id='word_1_69' title='bbox 876 1568 966 1623; x_wconf 91' lang='lat' dir='ltr'><strong>metu</strong></span> <span class='ocrx_word' id='word_1_70' title='bbox 980 1579 1159 1644; x_wconf 89' lang='lat' dir='ltr'><strong>poenarum,</strong></span> <span class='ocrx_word' id='word_1_71' title='bbox 1175 1556 1305 1622; x_wconf 90' lang='lat' dir='ltr'><strong>caritate</strong></span> 
     </span>
     <span class='ocr_line' id='line_1_10' title="bbox 353 1657 1305 1745; baseline -0.003 -20"><span class='ocrx_word' id='word_1_72' title='bbox 353 1659 502 1740; x_wconf 88' lang='lat' dir='ltr'><strong>deducta,</strong></span> <span class='ocrx_word' id='word_1_73' title='bbox 524 1659 677 1726; x_wconf 76' lang='lat' dir='ltr'>credibile</span> <span class='ocrx_word' id='word_1_74' title='bbox 698 1671 748 1724; x_wconf 92' lang='lat' dir='ltr'><strong>est</strong></span> <span class='ocrx_word' id='word_1_75' title='bbox 769 1682 789 1725; x_wconf 93' lang='lat' dir='ltr'><strong>a</strong></span> <span class='ocrx_word' id='word_1_76' title='bbox 811 1659 903 1725; x_wconf 89' lang='lat' dir='ltr'><strong>malis</strong></span> <span class='ocrx_word' id='word_1_77' title='bbox 923 1670 1129 1745; x_wconf 79' lang='lat' dir='ltr'><strong>temperasse,</strong></span> <span class='ocrx_word' id='word_1_78' title='bbox 1152 1679 1251 1745; x_wconf 89' lang='lat' dir='ltr'><strong>quem</strong></span> <span class='ocrx_word' id='word_1_79' title='bbox 1272 1657 1305 1722; x_wconf 91' lang='lat' dir='ltr'><strong>in</strong></span> 
     </span>
     <span class='ocr_line' id='line_1_11' title="bbox 354 1760 1304 1846; baseline 0 -20"><span class='ocrx_word' id='word_1_80' title='bbox 354 1760 549 1846; x_wconf 81' lang='lat' dir='ltr'><strong>perfectione</strong></span> <span class='ocrx_word' id='word_1_81' title='bbox 558 1760 694 1846; x_wconf 74' lang='lat' dir='ltr'><strong>justitia</strong></span> <span class='ocrx_word' id='word_1_82' title='bbox 704 1760 800 1826; x_wconf 90' lang='lat' dir='ltr'><strong>fuisse</strong></span> <span class='ocrx_word' id='word_1_83' title='bbox 815 1783 879 1825; x_wconf 91' lang='lat' dir='ltr'><strong>non</strong></span> <span class='ocrx_word' id='word_1_84' title='bbox 891 1760 1028 1845; x_wconf 76' lang='lat' dir='ltr'>ambigis</span> <span class='ocrx_word' id='word_1_85' title='bbox 1039 1769 1304 1826; x_wconf 89' lang='lat' dir='ltr'><strong>consummatum.</strong></span> 
     </span>
     <span class='ocr_line' id='line_1_12' title="bbox 353 1862 1306 1948; baseline -0.005 -19"><span class='ocrx_word' id='word_1_86' title='bbox 353 1863 426 1929; x_wconf 89' lang='lat' dir='ltr'><strong>Jam</strong></span> <span class='ocrx_word' id='word_1_87' title='bbox 448 1864 482 1928; x_wconf 92' lang='lat' dir='ltr'><strong>in</strong></span> <span class='ocrx_word' id='word_1_88' title='bbox 504 1862 782 1929; x_wconf 82' lang='lat' dir='ltr'><strong>commendatione</strong></span> <span class='ocrx_word' id='word_1_89' title='bbox 808 1863 930 1930; x_wconf 90' lang='lat' dir='ltr'><strong>timoris</strong></span> <span class='ocrx_word' id='word_1_90' title='bbox 955 1885 1060 1930; x_wconf 90' lang='lat' dir='ltr'><strong>sermo</strong></span> <span class='ocrx_word' id='word_1_91' title='bbox 1084 1862 1248 1948; x_wconf 89' lang='lat' dir='ltr'><strong>processit,</strong></span> <span class='ocrx_word' id='word_1_92' title='bbox 1273 1872 1306 1925; x_wconf 92' lang='lat' dir='ltr'><strong>et</strong></span> 
     </span>
     <span class='ocr_line' id='line_1_13' title="bbox 352 1964 1305 2054; baseline -0.003 -23"><span class='ocrx_word' id='word_1_93' title='bbox 352 1966 496 2032; x_wconf 91' lang='lat' dir='ltr'><strong>nondum</strong></span> <span class='ocrx_word' id='word_1_94' title='bbox 519 1966 668 2044; x_wconf 82' lang='lat' dir='ltr'><strong>innotuit,</strong></span> <span class='ocrx_word' id='word_1_95' title='bbox 684 1966 762 2054; x_wconf 93' lang='lat' dir='ltr'><strong>quid</strong></span> <span class='ocrx_word' id='word_1_96' title='bbox 783 1967 825 2032; x_wconf 91' lang='lat' dir='ltr'><strong>sit</strong></span> <span class='ocrx_word' id='word_1_97' title='bbox 847 1967 952 2032; x_wconf 91' lang='lat' dir='ltr'><strong>timor.</strong></span> <span class='ocrx_word' id='word_1_98' title='bbox 998 1966 1062 2034; x_wconf 89' lang='lat' dir='ltr'><strong>Sed</strong></span> <span class='ocrx_word' id='word_1_99' title='bbox 1085 1964 1211 2031; x_wconf 90' lang='lat' dir='ltr'><strong>utinam</strong></span> <span class='ocrx_word' id='word_1_100' title='bbox 1230 1985 1305 2029; x_wconf 90' lang='lat' dir='ltr'><strong>oon·</strong></span> 
     </span>
     <span class='ocr_line' id='line_1_14' title="bbox 351 2064 1302 2154; baseline -0.001 -22"><span class='ocrx_word' id='word_1_101' title='bbox 351 2067 442 2133; x_wconf 91' lang='lat' dir='ltr'><strong>sistat</strong></span> <span class='ocrx_word' id='word_1_102' title='bbox 455 2067 489 2134; x_wconf 93' lang='lat' dir='ltr'><strong>in</strong></span> <span class='ocrx_word' id='word_1_103' title='bbox 504 2068 610 2145; x_wconf 90' lang='lat' dir='ltr'><strong>corde,</strong></span> <span class='ocrx_word' id='word_1_104' title='bbox 627 2069 718 2154; x_wconf 89' lang='lat' dir='ltr'><strong>cnjus</strong></span> <span class='ocrx_word' id='word_1_105' title='bbox 732 2067 905 2154; x_wconf 79' lang='lat' dir='ltr'><strong>appellatio</strong></span> <span class='ocrx_word' id='word_1_106' title='bbox 919 2067 1013 2133; x_wconf 90' lang='lat' dir='ltr'><strong>toties</strong></span> <span class='ocrx_word' id='word_1_107' title='bbox 1027 2077 1171 2133; x_wconf 83' lang='lat' dir='ltr'><strong>versatur</strong></span> <span class='ocrx_word' id='word_1_108' title='bbox 1192 2064 1225 2130; x_wconf 95' lang='lat' dir='ltr'><strong>in</strong></span> <span class='ocrx_word' id='word_1_109' title='bbox 1239 2086 1302 2132; x_wconf 92' lang='lat' dir='ltr'><strong>ore.</strong></span> 
     </span>
     <span class='ocr_line' id='line_1_15' title="bbox 353 2165 1303 2256; baseline -0.004 -21"><span class='ocrx_word' id='word_1_110' title='bbox 353 2170 388 2236; x_wconf 84' lang='lat' dir='ltr'><strong>Si</strong></span> <span class='ocrx_word' id='word_1_111' title='bbox 402 2170 489 2235; x_wconf 92' lang='lat' dir='ltr'><strong>enim</strong></span> <span class='ocrx_word' id='word_1_112' title='bbox 505 2182 647 2235; x_wconf 88' lang='lat' dir='ltr'><strong>mentem</strong></span> <span class='ocrx_word' id='word_1_113' title='bbox 661 2170 717 2234; x_wconf 89' lang='lat' dir='ltr'><strong>ille</strong></span> <span class='ocrx_word' id='word_1_114' title='bbox 732 2169 884 2256; x_wconf 80' lang='lat' dir='ltr'><strong>tetigerit,</strong></span> <span class='ocrx_word' id='word_1_115' title='bbox 892 2169 1003 2255; x_wconf 81' lang='lat' dir='ltr'><strong>lingua</strong></span> <span class='ocrx_word' id='word_1_116' title='bbox 1016 2167 1186 2246; x_wconf 88' lang='lat' dir='ltr'><strong>efficacius,</strong></span> <span class='ocrx_word' id='word_1_117' title='bbox 1197 2177 1231 2233; x_wconf 93' lang='lat' dir='ltr'><strong>et</strong></span> <span class='ocrx_word' id='word_1_118' title='bbox 1244 2165 1303 2232; x_wconf 92' lang='lat' dir='ltr'><strong>sibi</strong></span> 
     </span>
     <span class='ocr_line' id='line_1_16' title="bbox 351 2269 1304 2357; baseline -0.001 -23"><span class='ocrx_word' id='word_1_119' title='bbox 351 2270 508 2335; x_wconf 78' lang='lat' dir='ltr'><strong>salubrius</strong></span> <span class='ocrx_word' id='word_1_120' title='bbox 526 2271 711 2357; x_wconf 88' lang='lat' dir='ltr'><strong>disputabit.</strong></span> <span class='ocrx_word' id='word_1_121' title='bbox 758 2272 842 2337; x_wconf 90' lang='lat' dir='ltr'><strong>Nam</strong></span> <span class='ocrx_word' id='word_1_122' title='bbox 865 2272 899 2337; x_wconf 93' lang='lat' dir='ltr'><strong>in</strong></span> <span class='ocrx_word' id='word_1_123' title='bbox 921 2294 975 2338; x_wconf 90' lang='lat' dir='ltr'><strong>ore</strong></span> <span class='ocrx_word' id='word_1_124' title='bbox 997 2271 1115 2338; x_wconf 86' lang='lat' dir='ltr'><strong>frustra</strong></span> <span class='ocrx_word' id='word_1_125' title='bbox 1135 2269 1304 2337; x_wconf 83' lang='lat' dir='ltr'><strong>volvuntur</strong></span> 
     </span>
     <span class='ocr_line' id='line_1_17' title="bbox 351 2371 1304 2460; baseline -0.001 -24"><span class='ocrx_word' id='word_1_126' title='bbox 351 2372 458 2449; x_wconf 84' lang='lat' dir='ltr'><strong>verba,</strong></span> <span class='ocrx_word' id='word_1_127' title='bbox 479 2371 505 2437; x_wconf 88' lang='lat' dir='ltr'><strong>si</strong></span> <span class='ocrx_word' id='word_1_128' title='bbox 525 2372 649 2437; x_wconf 78' lang='lat' dir='ltr'><strong>virtutis</strong></span> <span class='ocrx_word' id='word_1_129' title='bbox 671 2373 825 2438; x_wconf 86' lang='lat' dir='ltr'><strong>deliciunt</strong></span> <span class='ocrx_word' id='word_1_130' title='bbox 846 2396 953 2460; x_wconf 90' lang='lat' dir='ltr'><strong>opera.</strong></span> <span class='ocrx_word' id='word_1_131' title='bbox 999 2372 1057 2438; x_wconf 86' lang='lat' dir='ltr'><strong>Est</strong></span> <span class='ocrx_word' id='word_1_132' title='bbox 1078 2384 1187 2438; x_wconf 88' lang='lat' dir='ltr'><strong>autem</strong></span> <span class='ocrx_word' id='word_1_133' title='bbox 1209 2371 1304 2436; x_wconf 88' lang='lat' dir='ltr'><strong>timor</strong></span> 
     </span>
     <span class='ocr_line' id='line_1_18' title="bbox 352 2474 1303 2564; baseline -0.001 -25"><span class='ocrx_word' id='word_1_134' title='bbox 352 2475 427 2557; x_wconf 92' lang='lat' dir='ltr'><strong>Dei,</strong></span> <span class='ocrx_word' id='word_1_135' title='bbox 444 2474 526 2540; x_wconf 89' lang='lat' dir='ltr'><strong>sicut</strong></span> <span class='ocrx_word' id='word_1_136' title='bbox 547 2474 748 2542; x_wconf 85' lang='lat' dir='ltr'><strong>beatissimus</strong></span> <span class='ocrx_word' id='word_1_137' title='bbox 772 2476 861 2564; x_wconf 91' lang='lat' dir='ltr'><strong>Papa</strong></span> <span class='ocrx_word' id='word_1_138' title='bbox 885 2477 1060 2562; x_wconf 86' lang='lat' dir='ltr'><strong>Gregorius</strong></span> <span class='ocrx_word' id='word_1_139' title='bbox 1080 2475 1203 2558; x_wconf 89' lang='lat' dir='ltr'><strong>asserit,</strong></span> <span class='ocrx_word' id='word_1_140' title='bbox 1223 2474 1303 2539; x_wconf 92' lang='lat' dir='ltr'><strong>nihil</strong></span> 
     </span>
     <span class='ocr_line' id='line_1_19' title="bbox 350 2577 1303 2666; baseline 0 -24"><span class='ocrx_word' id='word_1_141' title='bbox 350 2601 461 2645; x_wconf 89' lang='lat' dir='ltr'><strong>eorum</strong></span> <span class='ocrx_word' id='word_1_142' title='bbox 476 2600 550 2665; x_wconf 86' lang='lat' dir='ltr'><strong>quae</strong></span> <span class='ocrx_word' id='word_1_143' title='bbox 564 2579 689 2664; x_wconf 84' lang='lat' dir='ltr'><strong>agenda</strong></span> <span class='ocrx_word' id='word_1_144' title='bbox 703 2590 788 2659; x_wconf 92' lang='lat' dir='ltr'><strong>sunt,</strong></span> <span class='ocrx_word' id='word_1_145' title='bbox 804 2580 1059 2666; x_wconf 74' lang='lat' dir='ltr'><strong>praetermittere.</strong></span> <span class='ocrx_word' id='word_1_146' title='bbox 1105 2579 1179 2644; x_wconf 91' lang='lat' dir='ltr'><strong>Hoc</strong></span> <span class='ocrx_word' id='word_1_147' title='bbox 1193 2577 1303 2665; x_wconf 90' lang='lat' dir='ltr'><strong>utique</strong></span> 
     </span>
     <span class='ocr_line' id='line_1_20' title="bbox 349 2679 1303 2768; baseline -0.001 -22"><span class='ocrx_word' id='word_1_148' title='bbox 349 2681 614 2767; x_wconf 84' lang='lat' dir='ltr'><strong>praetermittitur,</strong></span> <span class='ocrx_word' id='word_1_149' title='bbox 639 2682 727 2767; x_wconf 91' lang='lat' dir='ltr'><strong>quod</strong></span> <span class='ocrx_word' id='word_1_150' title='bbox 751 2704 812 2748; x_wconf 92' lang='lat' dir='ltr'><strong>nec</strong></span> <span class='ocrx_word' id='word_1_151' title='bbox 836 2703 944 2768; x_wconf 90' lang='lat' dir='ltr'><strong>opere,</strong></span> <span class='ocrx_word' id='word_1_152' title='bbox 969 2704 1030 2748; x_wconf 91' lang='lat' dir='ltr'><strong>nec</strong></span> <span class='ocrx_word' id='word_1_153' title='bbox 1054 2679 1219 2748; x_wconf 84' lang='lat' dir='ltr'><strong>voluntate</strong></span> <span class='ocrx_word' id='word_1_154' title='bbox 1242 2679 1303 2745; x_wconf 92' lang='lat' dir='ltr'><strong>im·</strong></span> 
     </span>
     <span class='ocr_line' id='line_1_21' title="bbox 349 2782 1302 2871; baseline -0.001 -22"><span class='ocrx_word' id='word_1_155' title='bbox 349 2783 465 2870; x_wconf 87' lang='lat' dir='ltr'><strong>pletur.</strong></span> <span class='ocrx_word' id='word_1_156' title='bbox 510 2783 673 2871; x_wconf 86' lang='lat' dir='ltr'><strong>Quicquid</strong></span> <span class='ocrx_word' id='word_1_157' title='bbox 702 2786 789 2850; x_wconf 89' lang='lat' dir='ltr'><strong>enim</strong></span> <span class='ocrx_word' id='word_1_158' title='bbox 815 2785 872 2863; x_wconf 85' lang='lat' dir='ltr'><strong>vis,</strong></span> <span class='ocrx_word' id='word_1_159' title='bbox 899 2797 933 2851; x_wconf 93' lang='lat' dir='ltr'><strong>et</strong></span> <span class='ocrx_word' id='word_1_160' title='bbox 961 2808 1025 2850; x_wconf 93' lang='lat' dir='ltr'><strong>non</strong></span> <span class='ocrx_word' id='word_1_161' title='bbox 1055 2795 1156 2871; x_wconf 88' lang='lat' dir='ltr'><strong>potes,</strong></span> <span class='ocrx_word' id='word_1_162' title='bbox 1182 2782 1302 2849; x_wconf 85' lang='lat' dir='ltr'><strong>sactum</strong></span> 
     </span>
     <span class='ocr_line' id='line_1_22' title="bbox 350 2885 1303 2976; baseline -0.001 -24"><span class='ocrx_word' id='word_1_163' title='bbox 350 2889 441 2952; x_wconf 89' lang='lat' dir='ltr'><strong>Deus</strong></span> <span class='ocrx_word' id='word_1_164' title='bbox 467 2897 604 2973; x_wconf 81' lang='lat' dir='ltr'><strong>reputat,</strong></span> <span class='ocrx_word' id='word_1_165' title='bbox 625 2909 666 2953; x_wconf 90' lang='lat' dir='ltr'><strong>eo</strong></span> <span class='ocrx_word' id='word_1_166' title='bbox 688 2888 775 2975; x_wconf 90' lang='lat' dir='ltr'><strong>quod</strong></span> <span class='ocrx_word' id='word_1_167' title='bbox 794 2888 940 2954; x_wconf 87' lang='lat' dir='ltr'><strong>voluntas</strong></span> <span class='ocrx_word' id='word_1_168' title='bbox 961 2887 1058 2976; x_wconf 93' lang='lat' dir='ltr'><strong>plena</strong></span> <span class='ocrx_word' id='word_1_169' title='bbox 1078 2888 1176 2954; x_wconf 90' lang='lat' dir='ltr'><strong>totius</strong></span> <span class='ocrx_word' id='word_1_170' title='bbox 1201 2885 1303 2973; x_wconf 92' lang='lat' dir='ltr'><strong>operis</strong></span> 
     </span>
     <span class='ocr_line' id='line_1_23' title="bbox 349 2989 1301 3080; baseline 0 -26"><span class='ocrx_word' id='word_1_171' title='bbox 349 2990 532 3057; x_wconf 84' lang='lat' dir='ltr'><strong>mercedem</strong></span> <span class='ocrx_word' id='word_1_172' title='bbox 549 2991 761 3078; x_wconf 86' lang='lat' dir='ltr'><strong>consequitur.</strong></span> <span class='ocrx_word' id='word_1_173' title='bbox 808 2993 943 3060; x_wconf 89' lang='lat' dir='ltr'><strong>Certum</strong></span> <span class='ocrx_word' id='word_1_174' title='bbox 958 3003 1007 3058; x_wconf 91' lang='lat' dir='ltr'><strong>est</strong></span> <span class='ocrx_word' id='word_1_175' title='bbox 1021 3003 1141 3074; x_wconf 91' lang='lat' dir='ltr'><strong>autem,</strong></span> <span class='ocrx_word' id='word_1_176' title='bbox 1156 2991 1233 3080; x_wconf 81' lang='lat' dir='ltr'><strong>quie</strong></span> <span class='ocrx_word' id='word_1_177' title='bbox 1246 2989 1301 3078; x_wconf 93' lang='lat' dir='ltr'><strong>qui</strong></span> 
     </span>
     <span class='ocr_line' id='line_1_24' title="bbox 351 3090 1302 3176; baseline 0 -18"><span class='ocrx_word' id='word_1_178' title='bbox 351 3092 459 3158; x_wconf 90' lang='lat' dir='ltr'><strong>Deum</strong></span> <span class='ocrx_word' id='word_1_179' title='bbox 481 3091 584 3173; x_wconf 84' lang='lat' dir='ltr'><strong>timet,</strong></span> <span class='ocrx_word' id='word_1_180' title='bbox 599 3090 680 3156; x_wconf 89' lang='lat' dir='ltr'><strong>nihil</strong></span> <span class='ocrx_word' id='word_1_181' title='bbox 699 3091 844 3176; x_wconf 82' lang='lat' dir='ltr'><strong>negligit,</strong></span> <span class='ocrx_word' id='word_1_182' title='bbox 861 3102 894 3157; x_wconf 90' lang='lat' dir='ltr'><strong>et</strong></span> <span class='ocrx_word' id='word_1_183' title='bbox 915 3093 1000 3158; x_wconf 90' lang='lat' dir='ltr'><strong>bona</strong></span> <span class='ocrx_word' id='word_1_184' title='bbox 1014 3092 1100 3160; x_wconf 84' lang='lat' dir='ltr'><strong>lacit.</strong></span> <span class='ocrx_word' id='word_1_185' title='bbox 1146 3092 1214 3168; x_wconf 89' lang='lat' dir='ltr'><strong>Qui</strong></span> <span class='ocrx_word' id='word_1_186' title='bbox 1229 3113 1302 3158; x_wconf 87' lang='lat' dir='ltr'><strong>vero</strong></span> 
     </span>
     <span class='ocr_line' id='line_1_25' title="bbox 348 3194 1301 3283; baseline -0.003 -21"><span class='ocrx_word' id='word_1_187' title='bbox 348 3194 520 3280; x_wconf 83' lang='lat' dir='ltr'><strong>diligenter</strong></span> <span class='ocrx_word' id='word_1_188' title='bbox 543 3194 652 3259; x_wconf 91' lang='lat' dir='ltr'><strong>omnia</strong></span> <span class='ocrx_word' id='word_1_189' title='bbox 676 3194 857 3280; x_wconf 81' lang='lat' dir='ltr'><strong>investigat,</strong></span> <span class='ocrx_word' id='word_1_190' title='bbox 881 3206 916 3261; x_wconf 93' lang='lat' dir='ltr'><strong>et</strong></span> <span class='ocrx_word' id='word_1_191' title='bbox 940 3195 1074 3280; x_wconf 87' lang='lat' dir='ltr'><strong>cognitis</strong></span> <span class='ocrx_word' id='word_1_192' title='bbox 1099 3196 1301 3283; x_wconf 71' lang='lat' dir='ltr'><strong>rebusque</strong></span> 
     </span>
     <span class='ocr_line' id='line_1_26' title="bbox 347 3294 1302 3383; baseline -0.005 -19"><span class='ocrx_word' id='word_1_193' title='bbox 347 3308 423 3364; x_wconf 85' lang='lat' dir='ltr'><strong>sunt</strong></span> <span class='ocrx_word' id='word_1_194' title='bbox 447 3296 582 3381; x_wconf 84' lang='lat' dir='ltr'><strong>agenda,</strong></span> <span class='ocrx_word' id='word_1_195' title='bbox 605 3294 784 3383; x_wconf 85' lang='lat' dir='ltr'><strong>exequitur,</strong></span> <span class='ocrx_word' id='word_1_196' title='bbox 806 3295 1017 3382; x_wconf 91' lang='lat' dir='ltr'><strong>proculdubio</strong></span> <span class='ocrx_word' id='word_1_197' title='bbox 1041 3296 1168 3382; x_wconf 91' lang='lat' dir='ltr'><strong>sapiens</strong></span> <span class='ocrx_word' id='word_1_198' title='bbox 1189 3305 1247 3373; x_wconf 88' lang='lat' dir='ltr'><strong>est,</strong></span> <span class='ocrx_word' id='word_1_199' title='bbox 1269 3305 1302 3360; x_wconf 93' lang='lat' dir='ltr'><strong>et</strong></span> 
     </span>
     <span class='ocr_line' id='line_1_27' title="bbox 347 3395 1300 3484; baseline -0.003 -21"><span class='ocrx_word' id='word_1_200' title='bbox 347 3395 528 3482; x_wconf 88' lang='lat' dir='ltr'><strong>aptissimus</strong></span> <span class='ocrx_word' id='word_1_201' title='bbox 547 3395 684 3462; x_wconf 88' lang='lat' dir='ltr'><strong>consiliis</strong></span> <span class='ocrx_word' id='word_1_202' title='bbox 706 3395 899 3483; x_wconf 90' lang='lat' dir='ltr'><strong>principum,</strong></span> <span class='ocrx_word' id='word_1_203' title='bbox 914 3402 986 3479; x_wconf 93' lang='lat' dir='ltr'><strong>[seu</strong></span> <span class='ocrx_word' id='word_1_204' title='bbox 1001 3420 1021 3463; x_wconf 93' lang='lat' dir='ltr'><strong>a</strong></span> <span class='ocrx_word' id='word_1_205' title='bbox 1034 3396 1222 3484; x_wconf 81' lang='lat' dir='ltr'><strong>praelatione</strong></span> <span class='ocrx_word' id='word_1_206' title='bbox 1236 3417 1300 3462; x_wconf 92' lang='lat' dir='ltr'><strong>non</strong></span> 
     </span>
     <span class='ocr_line' id='line_1_28' title="bbox 347 3497 1301 3584; baseline -0.001 -21"><span class='ocrx_word' id='word_1_207' title='bbox 347 3508 397 3564; x_wconf 86' lang='lat' dir='ltr'><strong>est</strong></span> <span class='ocrx_word' id='word_1_208' title='bbox 417 3497 583 3580; x_wconf 88' lang='lat' dir='ltr'><strong>arcendus,</strong></span> <span class='ocrx_word' id='word_1_209' title='bbox 605 3497 632 3562; x_wconf 91' lang='lat' dir='ltr'><strong>si</strong></span> <span class='ocrx_word' id='word_1_210' title='bbox 653 3519 779 3564; x_wconf 89' lang='lat' dir='ltr'><strong>morum</strong></span> <span class='ocrx_word' id='word_1_211' title='bbox 802 3498 959 3584; x_wconf 83' lang='lat' dir='ltr'><strong>gravitate</strong></span> <span class='ocrx_word' id='word_1_212' title='bbox 984 3499 1188 3583; x_wconf 66' lang='lat' dir='ltr'><strong>illustratur]</strong></span> <span class='ocrx_word' id='word_1_213' title='bbox 1233 3497 1301 3565; x_wconf 91' lang='lat' dir='ltr'><strong>Ubi</strong></span> 
     </span>
     <span class='ocr_line' id='line_1_29' title="bbox 347 3600 1301 3689; baseline 0 -22"><span class='ocrx_word' id='word_1_214' title='bbox 347 3613 436 3668; x_wconf 87' lang='lat' dir='ltr'><strong>tanta</strong></span> <span class='ocrx_word' id='word_1_215' title='bbox 464 3623 589 3669; x_wconf 89' lang='lat' dir='ltr'><strong>morum</strong></span> <span class='ocrx_word' id='word_1_216' title='bbox 618 3601 755 3687; x_wconf 80' lang='lat' dir='ltr'><strong>gravitas</strong></span> <span class='ocrx_word' id='word_1_217' title='bbox 783 3600 971 3681; x_wconf 90' lang='lat' dir='ltr'><strong>innotuerit,</strong></span> <span class='ocrx_word' id='word_1_218' title='bbox 1004 3613 1134 3669; x_wconf 85' lang='lat' dir='ltr'><strong>aetetem</strong></span> <span class='ocrx_word' id='word_1_219' title='bbox 1162 3601 1301 3689; x_wconf 86' lang='lat' dir='ltr'><strong>eorporis</strong></span> 
     </span>
     <span class='ocr_line' id='line_1_30' title="bbox 346 3704 1297 3793; baseline 0 -24"><span class='ocrx_word' id='word_1_220' title='bbox 346 3704 461 3770; x_wconf 81' lang='lat' dir='ltr'><strong>frustra</strong></span> <span class='ocrx_word' id='word_1_221' title='bbox 475 3706 610 3793; x_wconf 89' lang='lat' dir='ltr'><strong>quisque</strong></span> <span class='ocrx_word' id='word_1_222' title='bbox 626 3715 782 3774; x_wconf 89' lang='lat' dir='ltr'><strong>causatur.</strong></span> <span class='ocrx_word' id='word_1_223' title='bbox 829 3705 894 3771; x_wconf 90' lang='lat' dir='ltr'><strong>Hic</strong></span> <span class='ocrx_word' id='word_1_224' title='bbox 909 3718 958 3772; x_wconf 91' lang='lat' dir='ltr'><strong>est</strong></span> <span class='ocrx_word' id='word_1_225' title='bbox 972 3706 1060 3772; x_wconf 79' lang='lat' dir='ltr'><strong>eninr</strong></span> <span class='ocrx_word' id='word_1_226' title='bbox 1075 3727 1186 3788; x_wconf 83' lang='lat' dir='ltr'><strong>senex,</strong></span> <span class='ocrx_word' id='word_1_227' title='bbox 1200 3725 1297 3793; x_wconf 91' lang='lat' dir='ltr'><strong>quem</strong></span> 
     </span>
     <span class='ocr_line' id='line_1_31' title="bbox 346 3802 1300 3892; baseline 0.004 -25"><span class='ocrx_word' id='word_1_228' title='bbox 346 3802 599 3890; x_wconf 71' lang='lat' dir='ltr'><strong>praeeligendum</strong></span> <span class='ocrx_word' id='word_1_229' title='bbox 637 3804 786 3887; x_wconf 89' lang='lat' dir='ltr'><strong>consiliis,</strong></span> <span class='ocrx_word' id='word_1_230' title='bbox 814 3804 980 3892; x_wconf 79' lang='lat' dir='ltr'><strong>sapientire</strong></span> <span class='ocrx_word' id='word_1_231' title='bbox 1016 3806 1139 3873; x_wconf 78' lang='lat' dir='ltr'><strong>monite</strong></span> <span class='ocrx_word' id='word_1_232' title='bbox 1174 3804 1300 3872; x_wconf 87' lang='lat' dir='ltr'><strong>docent</strong></span> 
     </span>
     <span class='ocr_line' id='line_1_32' title="bbox 348 3905 1301 3989; baseline 0.003 -16"><span class='ocrx_word' id='word_1_233' title='bbox 348 3905 406 3973; x_wconf 83' lang='lat' dir='ltr'><strong>Ait</strong></span> <span class='ocrx_word' id='word_1_234' title='bbox 430 3905 536 3971; x_wconf 86' lang='lat' dir='ltr'><strong>enirn:</strong></span> <span class='ocrx_word' id='word_1_235' title='bbox 571 3906 727 3972; x_wconf 87' lang='lat' dir='ltr'><strong>Senectus</strong></span> <span class='ocrx_word' id='word_1_236' title='bbox 751 3907 943 3975; x_wconf 87' lang='lat' dir='ltr'><strong>venerabilis</strong></span> <span class='ocrx_word' id='word_1_237' title='bbox 967 3920 1025 3987; x_wconf 89' lang='lat' dir='ltr'><strong>est,</strong></span> <span class='ocrx_word' id='word_1_238' title='bbox 1049 3931 1114 3975; x_wconf 91' lang='lat' dir='ltr'><strong>non</strong></span> <span class='ocrx_word' id='word_1_239' title='bbox 1139 3907 1301 3989; x_wconf 85' lang='lat' dir='ltr'><strong>diuturna,</strong></span> 
     </span>
     <span class='ocr_line' id='line_1_33' title="bbox 346 4012 1300 4098; baseline 0.001 -23"><span class='ocrx_word' id='word_1_240' title='bbox 346 4031 451 4096; x_wconf 92' lang='lat' dir='ltr'><strong>neque</strong></span> <span class='ocrx_word' id='word_1_241' title='bbox 472 4028 606 4094; x_wconf 84' lang='lat' dir='ltr'><strong>numero</strong></span> <span class='ocrx_word' id='word_1_242' title='bbox 629 4030 785 4073; x_wconf 91' lang='lat' dir='ltr'><strong>annorum</strong></span> <span class='ocrx_word' id='word_1_243' title='bbox 809 4022 1003 4098; x_wconf 82' lang='lat' dir='ltr'><strong>computata</strong></span> <span class='ocrx_word' id='word_1_244' title='bbox 1053 4012 1168 4079; x_wconf 91' lang='lat' dir='ltr'><strong>Gloria</strong></span> <span class='ocrx_word' id='word_1_245' title='bbox 1188 4032 1300 4079; x_wconf 90' lang='lat' dir='ltr'><strong>senum</strong></span> 
     </span>
     <span class='ocr_line' id='line_1_34' title="bbox 346 4111 1301 4195; baseline 0.002 -16"><span class='ocrx_word' id='word_1_246' title='bbox 346 4113 489 4179; x_wconf 87' lang='lat' dir='ltr'><strong>canities.</strong></span> <span class='ocrx_word' id='word_1_247' title='bbox 521 4111 603 4178; x_wconf 91' lang='lat' dir='ltr'><strong>Cani</strong></span> <span class='ocrx_word' id='word_1_248' title='bbox 619 4124 692 4177; x_wconf 92' lang='lat' dir='ltr'><strong>sunt</strong></span> <span class='ocrx_word' id='word_1_249' title='bbox 708 4135 817 4179; x_wconf 92' lang='lat' dir='ltr'><strong>sensus</strong></span> <span class='ocrx_word' id='word_1_250' title='bbox 832 4116 981 4195; x_wconf 89' lang='lat' dir='ltr'><strong>hominis,</strong></span> <span class='ocrx_word' id='word_1_251' title='bbox 991 4127 1025 4181; x_wconf 91' lang='lat' dir='ltr'><strong>et</strong></span> <span class='ocrx_word' id='word_1_252' title='bbox 1036 4127 1115 4183; x_wconf 72' lang='lat' dir='ltr'><strong>actes</strong></span> <span class='ocrx_word' id='word_1_253' title='bbox 1129 4115 1301 4184; x_wconf 88' lang='lat' dir='ltr'><strong>senectutis</strong></span> 
     </span>
    </p>
   </div>
   <div class='ocr_carea' id='block_1_3' title="bbox 345 4215 1303 4401">
    <p class='ocr_par' dir='ltr' id='par_1_3' title="bbox 345 4215 1303 4401">
     <span class='ocr_line' id='line_1_35' title="bbox 346 4215 1302 4308; baseline 0.002 -28"><span class='ocrx_word' id='word_1_254' title='bbox 346 4217 410 4282; x_wconf 85' lang='lat' dir='ltr'><strong>vita</strong></span> <span class='ocrx_word' id='word_1_255' title='bbox 424 4215 639 4281; x_wconf 91' lang='lat' dir='ltr'><strong>immaculata.</strong></span> <span class='ocrx_word' id='word_1_256' title='bbox 674 4221 795 4283; x_wconf 84' lang='lat' dir='ltr'><strong>Beatus</strong></span> <span class='ocrx_word' id='word_1_257' title='bbox 810 4217 905 4306; x_wconf 90' lang='lat' dir='ltr'><strong>plane</strong></span> <span class='ocrx_word' id='word_1_258' title='bbox 921 4219 980 4308; x_wconf 86' lang='lat' dir='ltr'><strong>qui</strong></span> <span class='ocrx_word' id='word_1_259' title='bbox 992 4219 1075 4285; x_wconf 89' lang='lat' dir='ltr'><strong>hanc</strong></span> <span class='ocrx_word' id='word_1_260' title='bbox 1090 4217 1302 4306; x_wconf 87' lang='lat' dir='ltr'><strong>apprehendit</strong></span> 
     </span>
     <span class='ocr_line' id='line_1_36' title="bbox 345 4319 1303 4401; baseline 0.004 -17"><span class='ocrx_word' id='word_1_261' title='bbox 345 4330 485 4396; x_wconf 88' lang='lat' dir='ltr'><strong>aetatem,</strong></span> <span class='ocrx_word' id='word_1_262' title='bbox 503 4331 539 4386; x_wconf 94' lang='lat' dir='ltr'><strong>ut</strong></span> <span class='ocrx_word' id='word_1_263' title='bbox 553 4319 594 4385; x_wconf 92' lang='lat' dir='ltr'><strong>de</strong></span> <span class='ocrx_word' id='word_1_264' title='bbox 611 4320 793 4388; x_wconf 87' lang='lat' dir='ltr'><strong>innocentie</strong></span> <span class='ocrx_word' id='word_1_265' title='bbox 810 4323 895 4401; x_wconf 87' lang='lat' dir='ltr'><strong>vitae,</strong></span> <span class='ocrx_word' id='word_1_266' title='bbox 910 4323 1115 4390; x_wconf 86' lang='lat' dir='ltr'><strong>conscientiae</strong></span> <span class='ocrx_word' id='word_1_267' title='bbox 1131 4345 1199 4390; x_wconf 83' lang='lat' dir='ltr'><strong>suae</strong></span> <span class='ocrx_word' id='word_1_268' title='bbox 1214 4321 1303 4390; x_wconf 84' lang='lat' dir='ltr'><strong>testi-</strong></span> 
     </span>
    </p>
   </div>
   <div class='ocr_carea' id='block_1_4' title="bbox 0 0 1660 5309">
    <p class='ocr_par' dir='ltr' id='par_1_4' title="bbox 0 0 1660 5309">
     <span class='ocr_line' id='line_1_37' title="bbox 0 0 1660 5309; baseline 0 3"><span class='ocrx_word' id='word_1_269' title='bbox 0 0 1660 5309; x_wconf 95' lang='lat' dir='ltr'><strong> </strong></span> 
     </span>
    </p>
   </div>
  </div>
 </body>
</html>
